2922 3630
1213 281 1640 326 „10—

373 409 448 453 suit
478 423 611 473 prope
642 411 932 471 Thapsacum,
972 419 1090 456 sexto
1120 411 1300 457 insulam
1327 410 1587 457 adiacentem
1617 412 1803 457 Arabiae
1827 412 1956 459 felici.
2026 412 2250 472 Utramque
2284 425 2371 456 non
2410 412 2491 471 ipsi

371 480 604 538 indigenae
636 482 712 525 sed
754 481 908 525 Graeci
946 481 1141 527 videntur
1180 485 1260 527 ita*
1281 482 1545 541 appellasse.
1586 491 1803 541 postquam
1846 483 2094 528 Alexander
2130 485 2175 528 iu
2203 482 2349 525 Asiam
2394 494 2493 539 pro·

373 548 507 594 fectus
547 563 621 594 eas
660 558 798 593 terras
840 552 1016 609 aperuit.
1097 550 1202 595 Eam
1252 565 1356 596 vero
1403 552 1569 595 Aenum
1592 552 1626 606 ¹)
1676 550 1730 596 de
1777 566 1862 611 qua
1906 566 2017 597 nunc
2061 565 2222 611 quaero
2256 548 2496 609 Stephanus

375 618 477 663 dixit
506 633 652 664 nomen
684 618 858 663 duxisse
890 634 940 664 ex
968 618 1074 663 urbe
1108 621 1290 678 quadam
1319 621 1559 679 cognomini
1590 634 1701 678 quae
1732 621 1811 665 suit
1840 623 1884 665 in
1904 620 2134 668 Thessalia
2155 632 2287 680 prope
2317 625 2496 664 montem

374 687 538 732 Ossam.
598 687 738 731 Sedes
769 689 829 732 ibi
856 689 1056 734 habuisse
1088 689 1239 734 dicitur
1267 691 1409 735 Aenus
1437 689 1629 748 quidam,
1662 688 1799 731 Gunei
1830 688 1954 734 filius.
2008 691 2198 734 Guneum
2217 701 2319 733 vero
2341 686 2494 731 Home-

375 771 445 800 rus
483 757 588 801 dixit
624 770 715 801 cum
747 757 803 800 ad
846 756 1021 802 Troiam
1062 766 1323 817 pugnaretur
1361 772 1504 815 regem
1542 757 1612 802 vel
1653 756 1801 801 ducem
1839 756 1972 803 fuisse
2005 758 2339 802 Perrhaeborum
2370 762 2497 812 atque

371 828 605 870 Aenianum
624 826 674 882 ²).
705 825 850 884 ltaque
874 827 1176 885 coniungenda
1203 836 1298 872 sunt
1326 828 1429 872 haec
1460 828 1648 871 nomina:
1693 828 1867 886 primum
1895 822 2041 880 Αἶνος
2059 840 2212 871 nomen
2232 826 2350 872 urbis
2372 832 2496 883 atque

370 898 450 940 viri
493 899 563 955 qui
599 902 765 954 putatur
809 903 959 941 auctor
1000 911 1093 942 esse
1123 900 1283 954 gentis,
1327 896 1479 942 deinde
1520 910 1629 955 quae
1658 898 1740 940 iam
1781 910 1891 941 nunc
1922 896 2033 942 addo
2064 893 2227 948 Αἴνιος
2265 903 2307 939 et
2339 891 2494 948 Λὶνία,

373 965 553 1024 denique
583 962 793 1017 Αἰνιᾶνες
818 968 909 1011 sive
945 967 1087 1011 Ionum
1126 982 1245 1012 more
1274 965 1478 1025 Λίνιῆνες
1509 967 1577 1010 vel
1609 963 1786 1025 Ἐνιῆνες
1807 966 1855 1023 ³).
1928 966 2003 1011 Est
2032 966 2239 1026 quaedam
2270 962 2497 1007 similitudo

374 1038 581 1080 nominum
614 1049 725 1093 quae
759 1035 914 1079 cadant
941 1039 984 1080 in
1015 1037 1193 1081 eandem
1223 1037 1429 1094 syllabam
1469 1043 1512 1080 ut
1543 1036 1817 1080 Athamanum
1847 1036 2034 1081 Azanum
2059 1036 2332 1079 Acarnanum
2363 1032 2501 1089 Eury-

374 1113 523 1147 tanum.
586 1102 715 1148 Circa
743 1102 1013 1149 Thessaliam
1042 1109 1221 1152 maxime
1251 1107 1356 1151 talia
1385 1106 1669 1156 inveniuntur,
1700 1118 1786 1149 non
1810 1112 1949 1149 tamen
1980 1105 2121 1149 omnia
2147 1103 2343 1148 videntur
2372 1100 2497 1145 ducta

373 1187 467 1218 esse
499 1172 554 1218 ab
578 1172 685 1218 urbe
715 1174 804 1218 sive
834 1176 928 1218 vico
961 1182 1003 1218 ut
1030 1188 1182 1221 nomen
1209 1177 1462 1227 Aenianum,
1493 1177 1603 1235 quod
1632 1181 1747 1219 certe
1777 1188 1862 1219 nou
1890 1180 2025 1234 potest
2053 1174 2246 1233 separari
2276 1171 2331 1216 ab
2362 1172 2496 1216 Aeno.

506 1262 626 1306 Varii
659 1275 751 1306 cum
786 1263 938 1307 suerint
968 1264 1200 1309 Aenianum
1232 1280 1379 1318 casus,
1413 1280 1520 1323 quos
1549 1264 1619 1309 hic
1649 1276 1897 1309 enumerare
1929 1253 2100 1321 longum
2134 1269 2218 1316 est,
2263 1274 2317 1305 ea
2342 1268 2496 1305 tantum

374 1331 709 1377 commemorabo
743 1331 892 1390 quibus
924 1331 1038 1391 opus'
1071 1343 1135 1378 est
1165 1335 1221 1379 ad
1258 1349 1390 1380 meam
1430 1335 1763 1393 disputationem.
1829 1332 2016 1391 Namque
2055 1333 2355 1390 antiquissimis
2394 1338 2497 1374 tem-

373 1401 547 1462 poribus
576 1415 652 1445 eos
684 1415 774 1445 cum
804 1402 1056 1447 Perrhaebis
1085 1404 1212 1449 sedes
1243 1405 1445 1450 habuisse
1477 1404 1532 1448 ad
1566 1402 1822 1448 Titaresium
1853 1409 2000 1447 auctor
2030 1410 2094 1447 est
2124 1401 2328 1447 Homerus
2349 1400 2398 1454 ⁴).
2459 1398 2499 1442 ls

373 1473 522 1516 fluvius
557 1473 602 1514 in
640 1471 819 1514 confinio
854 1471 1139 1517 Macedoniae
1182 1483 1307 1533 atque
1352 1473 1609 1517 Thessaliae
1648 1480 1761 1516 ortus
1800 1474 1842 1515 iu
1880 1475 2061 1517 Peneum
2105 1471 2329 1516 effunditur
2366 1482 2497 1528 prope

309 1576 314 1579 s
374 1548 550 1585 montem
582 1538 791 1596 cyphum:
846 1540 902 1584 ibi
934 1541 1084 1585 fluvius
1123 1543 1202 1586 fuit
1242 1545 1403 1587 Aenius
1447 1552 1571 1600 atque
1611 1541 1711 1585 urbs
1754 1542 1921 1584 nomine
1960 1542 2099 1584 Aenia
2140 1553 2248 1598 quae
2287 1539 2499 1583 Perrhae-

374 1611 520 1654 borum
562 1608 681 1652 sacta
724 1617 786 1653 est
826 1618 1043 1669 postquam
1084 1613 1301 1657 Aenianes
1345 1612 1442 1656 inde
1485 1610 1774 1655 discesserunt
1797 1610 1846 1662 ⁵).
1913 1612 2133 1655 Aenianes
2174 1611 2283 1655 enim
2321 1612 2498 1653 Peneum

374 1685 641 1723 transeuntes
672 1681 842 1737 primum
873 1680 950 1724 sub
982 1691 1120 1726 monte
1152 1682 1264 1726 Ossa
1295 1680 1599 1735 consederunt,
1635 1683 1704 1738 qui
1734 1681 1853 1723 locus
1885 1679 2123 1738 appellatur
2153 1693 2323 1739 campus
2351 1679 2499 1724 Dotius
2544 1733 2549 1738 ·

376 1750 627 1804 attingitque
647 1760 673 1791 a
693 1748 866 1792 meridie
888 1749 1144 1793 Boebeidem
1168 1750 1303 1795 lacum
1325 1750 1378 1809 6).
1414 1750 1475 1793 lbi
1499 1752 1712 1794 Aenianes
1731 1750 1873 1794 urbem
1896 1749 2130 1793 habuerunt
2151 1750 2314 1792 Aenum
2336 1748 2388 1791 de
2414 1760 2498 1805 qua

376 1831 505 1876 supra
532 1817 620 1860 dixi
652 1816 900 1876 fluviumque
930 1821 1235 1873 cognominem.
1307 1820 1393 1864 Sed
1422 1834 1511 1863 cum
1542 1821 1639 1863 inde
1677 1832 1843 1877 quoque
1887 1818 2049 1876 expulsi
2081 1826 2226 1863 essent
2269 1819 2338 1862 diu
2377 1832 2498 1862 erra-

375 1894 524 1933 verunt
554 1888 782 1943 variasque
811 1886 934 1932 sedes
963 1887 1220 1940 habuerunt,
1252 1889 1387 1933 donec
1407 1891 1513 1933 iussi
1540 1889 1594 1932 ab
1627 1887 1824 1947 Apolline
1850 1887 2055 1945 Delphico
2085 1890 2129 1932 iu
2157 1903 2250 1933 eam
2281 1890 2498 1944 regionem

375 1962 659 2017 pervenerunt
693 1969 770 2013 per
799 1970 921 2014 quam
960 1956 1047 2000 fluit
1078 1956 1309 2016 Sperchius
1343 1960 1488 2002 amnis.
1550 1958 1641 2002 Sita
1683 1972 1735 2002 ea
1768 1965 1830 2001 est
1867 1958 1910 2000 in
1942 1957 2120 2001 confinio
2164 1955 2421 2002 Thessaliae
2461 1965 2501 2002 et

376 2026 577 2073 Locridis
607 2027 898 2070 intermontes
930 2024 1074 2071 Oetam
1104 2035 1230 2085 atque
1263 2026 1434 2085 Othryn.
1506 2026 1569 2071 lbi
1609 2041 1701 2071 cum
1743 2025 1924 2070 Doribus
1953 2024 2318 2084 Maliensibusque
2345 2026 2498 2071 bellum

379 2102 604 2155 gesserunt
636 2101 925 2153 occupataque
957 2109 1034 2154 per
1065 2096 1145 2140 vim
1182 2110 1379 2154 agrorum
1407 2106 1526 2157 parte
1558 2096 1682 2142 sedes
1717 2095 1950 2140 habuerunt
1981 2110 2111 2155 prope
2137 2097 2272 2143 fontes
2305 2097 2498 2157 Sperchii

379 2170 539 2227 inipso
569 2172 709 2210 moute
750 2163 881 2208 Oeta:
943 2166 1049 2210 unde
1079 2181 1105 2211 a
1138 2167 1275 2212 multis
1319 2168 1467 2213 Oetaei
1508 2170 1647 2213 vocati
1688 2174 1782 2209 suut
1822 2166 1989 2209 nomine
2029 2169 2169 2223 gentis
2208 2181 2235 2213 a
2276 2168 2373 2212 loco
2416 2182 2498 2226 quo

380 2240 493 2296 potiti
524 2244 619 2281 sunt
650 2235 787 2278 ducto.

515 2329 707 2386 Apparet
741 2324 956 2368 accidisse
994 2325 1261 2369 Aenianibus
1299 2325 1409 2383 quod
1452 2324 1663 2384 permultis
1694 2324 1904 2369 Graeciae
1934 2325 2131 2383 gentibus
2169 2326 2245 2371 sub
2275 2327 2382 2370 idem
2414 2327 2504 2372 sere

383 2404 555 2454 tempus.
623 2395 787 2438 Etenim
826 2407 917 2437 cum
956 2396 1185 2452 permultae
1229 2397 1456 2452 antiquitus
1507 2396 1549 2438 in
1584 2394 1765 2438 Graecia
1805 2402 1947 2438 essent
1986 2404 2135 2451 gentes
2176 2410 2335 2455 eaeque
2378 2396 2503 2440 belli-

458 2605 496 2649 1)
526 2604 729 2650 Cognomen
757 2607 883 2641 habuit
906 2606 1079 2652 Apsinthi.
1133 2608 1216 2641 Cum
1243 2609 1333 2641 enim
1359 2608 1481 2653 piures
1505 2611 1624 2642 essent
1649 2607 1805 2643 eiusdem
1833 2610 1986 2643 nominis
2008 2608 2099 2644 lianc
2124 2609 2362 2644 distinxerunt
2381 2610 2502 2644 addito

528 2664 670 2698 nominc
695 2667 816 2710 gentis
842 2666 878 2700 in
904 2667 1003 2700 cuius
1026 2664 1153 2700 linibus
1178 2667 1249 2700 sita
1275 2668 1363 2699 erat.

450 2733 488 2771 2)
515 2728 554 2764 B.
581 2731 660 2766 749.

454 2800 495 2845 3)
521 2798 572 2835 De
597 2801 700 2835 varia
723 2801 876 2836 nomInis
902 2799 1094 2837 Aenianum
1125 2800 1240 2836 forma
1265 2804 1416 2847 egerunt
1440 2799 1556 2836 Herm.
1592 2800 1636 2837 ad
1675 2800 1784 2848 Soph.
1820 2800 1872 2839 El.
1906 2806 1986 2842 696.
2021 2808 2055 2839 et
2088 2802 2211 2852 Poppo
2248 2803 2293 2840 ad
2327 2804 2440 2840 Thuc.
2467 2803 2499 2847 1;

524 2862 566 2898 2,
593 2861 677 2894 303.
705 2859 746 2892 cl'.
775 2857 873 2894 Eust.
899 2858 945 2893 ad
976 2857 1072 2894 Hom.
1098 2859 1123 2894 B
1149 2863 1229 2897 749.

453 2925 494 2970 4)
518 2924 545 2961 B
571 2927 641 2964 749
670 2925 716 2962 cs.
750 2925 870 2962 Strab.
896 2926 978 2963 442.

458 2995 499 3039 5)
522 2994 645 3041 Steph.
670 2997 802 3031 Αἰνία.

455 3063 496 3107 6)
520 3062 636 3101 Strab.
661 3067 717 3102 61.
747 3065 827 3100 442.
874 3063 967 3100 Plut.
994 3074 1050 3109 qu.
1075 3074 1129 3109 gr.
1162 3067 1210 3102 13.
1240 3066 1294 3101 26.
1327 3062 1446 3110 Steph.
1477 3061 1607 3101 Αῗιὀ;.
