2922 3630
1226 313 1618 360 *a*

507 450 642 506 Quam
682 451 814 506 igitur
850 444 1002 491 urbem.
1029 445 1191 490 Aenum
1229 443 1331 494 dixit
1369 443 1595 497 Homerus,
1634 457 1688 489 ea
1728 443 1908 512 Troiani
1939 447 2051 494 belli
2092 455 2287 509 tempore*
2319 452 2489 510 proprie

366 521 599 572 vocabatur
628 515 904 574 Poltymhria.
973 512 1120 573 Neque
1149 514 1274 561 Aeno
1306 513 1511 558 discessit,
1530 512 1682 560 Pirous
1711 528 1804 562 oum
1835 513 2010 561 Troiam
2040 518 2394 576 proficisceretur
2412 519 2491 565 ned

367 590 643 652 Poltymhria.
702 584 793 630 Sed
822 584 906 629 hoc
937 586 1106 629 nomine
1138 582 1327 628 barbaro
1357 582 1569 647 longeque
1598 590 1757 629 remoto
1799 598 1827 630 a
1850 598 2000 632 versus
2024 585 2241 647 >Homerici
2275 586 2491 646 elegantia

371 669 487 708 certe
530 670 617 702 nou
652 657 786 715 potuit
821 656 879 698 uti
919 653 1132 698 Homerus.
1202 651 1393 696 Debebat
1429 657 1500 696 aut
1538 652 1664 710 plane
1706 652 1913 698 dimittere
1951 658 2380 704 commemoratione·
2423 665 2494 705 aut

373 733 537 776 Graeco
572 726 743 769 nomine
775 723 993 783 appellare
1024 734 1133 780 quae
1165 720 1347 766 nondum
1376 726 1467 765 erat
1498 719 1681 765 Graeca.
1740 721 1861 775 Quae
1889 722 1925 767 si
1953 724 2014 767 ita
2041 734 2139 771 sunt
2165 726 2328 772 videtur
2357 739 2491 785 quae-

370 798 543 844 rendum
575 806 671 838 esse
699 791 867 850 quando
899 797 1052 848 coepta
1086 791 1139 833 sit
1176 791 1325 834 vocari
1355 789 1521 833 Graeco
1550 790 1730 833 nomine.
1797 789 1845 835 ld
1885 797 1929 834 ut
1967 791 2122 838 faciam
2160 808 2247 840 rem
2286 796 2435 841 ordior
2466 809 2492 838 a

371 867 557 913 sabulis:
599 875 693 905 nam
724 861 793 903 vix
822 857 913 905 ulla
941 873 1008 904 res
1040 864 1103 903 est
1128 854 1239 915 apud
1269 856 1460 902 Graecos
1491 870 1601 916 quae
1631 856 1789 903 sabulis
1815 865 1949 904 vacet.
2295 900 2298 903 .

514 929 796 978 Callimachus
828 936 868 974 et
898 927 1141 987 Euphorion
1165 925 1200 980 ¹)
1240 932 1523 972 narraverant
1552 927 1714 973 Aenum
1742 940 1895 973 nomen
1930 929 2114 973 traxisse
2159 941 2187 972 a
2214 932 2335 975 socio
2360 929 2496 975 Ulixis

373 1008 462 1053 illic
494 1001 652 1060 sepulto
682 1013 735 1044 eo
766 1006 953 1057 tempore
984 1009 1065 1054 quo
1098 997 1249 1040 missus
1292 1003 1355 1040 est
1393 993 1448 1039 ad
1487 995 1694 1041 frumenta
1725 996 1944 1055 portanda.
2011 995 2130 1041 Haec
2168 997 2281 1043 haud
2320 1000 2409 1044 scio
2440 1013 2497 1044 an

375 1075 577 1122 neminem
608 1066 735 1114 valde
764 1072 969 1113 moveant,
1033 1064 1175 1109 Variis
1206 1066 1317 1108 enim
1358 1064 1492 1108 modis
1530 1072 1682 1124 poetae
1716 1079 1888 1123 operam
1919 1065 2123 1109 dederunt
2163 1076 2207 1110 ut
2251 1079 2363 1126 quae
2393 1068 2497 1112 belli

376 1141 556 1189 Troiani
587 1144 733 1198 partes
764 1137 945 1179 omissae
976 1132 1220 1177 viderentur
1251 1133 1305 1175 ab
1334 1132 1513 1177 Homero
1555 1148 1630 1178 eas
1671 1136 1755 1192 ipsi
1797 1142 2071 1193 pertexerent.
2132 1134 2223 1180 Hoc
2258 1137 2304 1180 in
2336 1151 2496 1194 genere

374 1210 565 1273 permulti
586 1213 831 1252 versantur:
871 1202 1049 1260 cyclici,
1081 1203 1310 1259 lyricorum
1332 1216 1417 1245 non
1439 1203 1586 1259 pauci,
1618 1204 1793 1259 tragici,
1821 1201 2099 1250 Alexandrini
2120 1201 2314 1263 denique.
2341 1205 2499 1264 'Atque

372 1288 598 1343 postquam
630 1289 685 1318 ea
717 1287 825 1332 quae
858 1273 909 1315 de
939 1270 1025 1314 illis
1055 1271 1183 1314 rebus
1212 1271 1438 1327 antiquitus
1468 1272 1696 1316 memoriae
1729 1272 1897 1330 prodita
1929 1278 2073 1316 essent
2103 1279 2305 1318 enarrata
2335 1273 2499 1319 fuerunt

377 1352 543 1397 omnia:
596 1346 669 1404 qui
689 1343 922 1392 inferiores
955 1347 1093 1384 aetate
1125 1346 1246 1384 erant
1277 1346 1425 1399 poetae
1457 1337 1670 1386 debebant
1696 1347 1766 1387 aut
1795 1347 1986 1401 repetere
2019 1353 2128 1400 quae
2170 1342 2225 1386 ab
2257 1342 2355 1388 aliis
2384 1343 2517 1393 dicta,

378 1427 521 1468 essent
550 1423 622 1461 aut
651 1428 764 1460 nova
794 1412 996 1458 invenire.
1057 1408 1295 1455 Choerilum
1336 1410 1487 1454 scimus
1516 1416 1704 1468 questum
1741 1423 1837 1455 esse
1880 1410 1991 1470 quod
2030 1412 2084 1456 ab
2125 1412 2224 1458 aliis
2263 1426 2498 1474 praeoccu-

376 1499 504 1551 patae
545 1494 584 1531 et
627 1485 750 1543 quasi
790 1487 1040 1540 praereptae
1091 1487 1234 1524 essent
1270 1481 1546 1525 suavissimae
1596 1478 1832 1524 fabularum
1873 1489 2027 1540 partes.
2106 1482 2251 1541 ltaque
2297 1483 2409 1528 mulii
2448 1498 2499 1529 eo

382 1559 551 1605 deducti
592 1561 689 1600 sunt
728 1560 771 1598 ut
810 1552 861 1596 de
903 1549 1054 1609 quibus
1096 1550 1253 1594 scirent
1302 1548 1405 1594 nihil
1455 1563 1549 1593 esse
1593 1551 1821 1594 memoriae
1861 1550 2090 1609 proditum,
2132 1566 2186 1596 ea
2222 1553 2501 1612 probabiliter

377 1627 627 1674 invenirent.
687 1623 824 1681 Atque
856 1619 1060 1665 frumento
1095 1633 1200 1679 opus
1233 1620 1364 1664 fuisse
1394 1618 1571 1663 Graecis
1615 1618 1707 1662 dum
1737 1634 1813 1677 per
1851 1620 1996 1664 decem
2031 1634 2167 1667 annos
2203 1621 2337 1667 Troia
2368 1637 2499 1682 oppu—

376 1703 530 1756 gnatur
560 1693 813 1736 necessario
846 1689 1182 1743 concedendum,
1226 1691 1377 1735 missos
1410 1691 1540 1746 igitur
1566 1688 1757 1738 homines
1787 1687 1842 1732 ad
1873 1689 2212 1748 comportandum
2241 1705 2328 1737 non
2357 1692 2499 1738 aliter:

377 1773 629 1826 quamquam
665 1760 891 1824 mythorum
924 1772 975 1801 ea
1007 1767 1069 1801 est
1101 1765 1253 1803 natura
1292 1766 1335 1802 ut
1371 1758 1474 1803 talia
1504 1771 1589 1802 non
1619 1765 1775 1803 curent.
1849 1756 2000 1802 Eorum
2037 1757 2245 1806 hominum
2284 1768 2424 1806 autem
2460 1772 2501 1807 ut

378 1847 483 1879 unus
523 1836 637 1876 esset
674 1830 840 1873 nomine
877 1830 1022 1871 Aenus
1064 1830 1133 1886 qui
1177 1827 1288 1872 diem
1327 1841 1561 1886 supremum
1598 1825 1735 1871 obiret
1775 1826 2107 1885 sepelireturque
2149 1842 2277 1888 prope
2317 1829 2501 1876 Hebrum

380 1904 568 1952 fluvium,
603 1905 769 1957 poterat
799 1910 901 1940 sane
934 1896 1047 1948 fieri,
1080 1898 1154 1941 sed
1186 1898 1341 1942 factum
1363 1911 1457 1942 esse
1486 1910 1622 1954 neque
1648 1894 1929 1942 Callimachus
1957 1898 2168 1953 cognitum
2193 1899 2336 1944 hahuit
2364 1914 2501 1959 neque

376 1971 636 2030 Euphorion.
705 1964 824 2009 Nihil
866 1965 917 2009 de
957 1980 1010 2010 ea
1042 1981 1089 2010 re
1131 1968 1201 2024 qui
1243 1968 1396 2025 primus
1432 1966 1623 2011 narravit
1662 1972 1916 2024 compertum
1953 1965 2118 2019 habuit,
2165 1968 2241 2013 sed
2281 1970 2373 2027 ipse
2413 1983 2500 2013 rem

378 2039 650 2098 excogitavit.
712 2033 855 2092 Saepe
889 2033 992 2079 talia
1023 2035 1112 2080 sieri
1143 2035 1312 2094 lateque
1346 2042 1488 2093 patere
1516 2032 1627 2093 apud
1651 2033 1839 2079 Graecos
1858 2034 1939 2080 hoc
1968 2048 2103 2094 genus
2125 2036 2362 2081 fabularum
2391 2052 2500 2096 quae

378 2115 601 2155 versantur
632 2109 676 2150 in
707 2103 971 2165 explicandis
1005 2105 1248 2151 nominibus
1277 2117 1396 2150 nemo
1429 2111 1493 2148 est
1525 2104 1594 2162 qui
1626 2105 1801 2149 nesciat.
1873 2103 2018 2163 Itaque
2063 2104 2118 2148 ad
2148 2104 2321 2151 alteram
2350 2120 2499 2152 narra-

378 2183 532 2226 tionem
564 2184 738 2221 transeo
767 2187 878 2233 quae
908 2176 951 2218 in
979 2175 1136 2220 sabulis
1169 2183 1235 2221 est
1261 2174 1314 2219 de
1345 2175 1454 2217 Aeni
1491 2174 1669 2217 nomine.

519 2246 768 2291 Hellanicus
801 2258 921 2302 quem
950 2248 1103 2290 scimus
1137 2245 1456 2301 diligentissime
1485 2244 1639 2287 veteris
1666 2243 1806 2288 famae
1836 2243 2143 2301 conquisivisse
2175 2245 2359 2302 vestigia
2389 2244 2500 2304 apud

383 2319 622 2376 Dionysium
661 2312 1090 2358 Halicarnassensem
1113 2314 1151 2368 2)
1203 2320 1371 2358 narratz
1433 2311 1535 2355 urbe
1578 2310 1711 2357 Troia
1763 2311 1902 2356 diruta
1953 2309 2235 2358 Troianorum
2275 2312 2502 2358 nonnullos

383 2388 529 2431 Aenea
571 2383 678 2426 duce
718 2382 934 2441 fugientes
975 2385 1144 2427 venisse
1189 2386 1231 2427 in
1262 2381 1520 2440 peninsulam
1564 2395 1656 2424 eam
1695 2395 1804 2440 quae
1842 2394 1941 2439 pars
1982 2388 2046 2425 est
2084 2380 2354 2427 Chalcidices
2390 2383 2501 2428 sinui

383 2453 637 2499 Thermaico
668 2450 874 2494 adiacens
906 2460 1161 2508 vocaturque
1191 2452 1386 2502 Pallene,
1423 2449 1485 2495 ibi
1516 2448 1643 2493 sedes
1672 2449 1872 2494 habuisse
1905 2450 2116 2495 Crusaeos
2150 2452 2292 2494 socios
2322 2451 2501 2495 amicos·

382 2537 462 2582 que
491 2522 668 2569 Priami,
699 2520 752 2561 ab
783 2519 850 2561 his
881 2521 1069 2561 Aeneam
1100 2520 1286 2574 benigne
1317 2526 1531 2575 exceptum
1563 2517 1817 2575 aliquamdiu
1846 2521 1889 2563 in
1921 2532 1975 2563 ea
2003 2521 2180 2578 regione
2208 2504 2501 2564 commoratum

381 2608 478 2637 esse
513 2591 606 2633 dum
635 2605 764 2633 naves
796 2585 985 2633 reficeret
1016 2589 1261 2646 animosque
1299 2598 1467 2633 suorum
1506 2584 1769 2634 confirmaret
1809 2587 2036 2649 urbemque
2069 2587 2310 2634 condidisse
2342 2589 2386 2630 in
2418 2599 2500 2647 qua

523 2754 678 2790 Hebrum
712 2752 807 2787 dicta
840 2752 913 2787 sint
948 2749 1072 2787 melius
1097 2753 1417 2797 transponerentur
1449 2747 1515 2787 hoc
1549 2747 1663 2786 modo.
1699 2750 1760 2783 καὶ
1795 2748 1938 2800 κτίσμα
1973 2753 2171 2801 Κυμαῖον·
2206 2748 2344 2794 ταύτην
2371 2749 2419 2782 Ἀ.
2456 2763 2497 2797 ᾳ.

524 2811 564 2847 ὠ.
593 2812 641 2846 Π.
693 2806 785 2847 ilaec
812 2818 898 2845 vero
928 2807 1185 2855 Apollodorum
1220 2808 1255 2842 in
1287 2808 1504 2844 bibliotheca
1542 2818 1646 2855 quam
1678 2818 1845 2844 vocamus
1870 2810 2004 2844 dixisse
2039 2814 2076 2842 ut
2108 2809 2250 2842 credam
2275 2813 2417 2843 movent
2444 2819 2497 2842 me

523 2867 645 2905 Photii
670 2869 817 2901 maxime
842 2867 954 2900 vei-ba
978 2875 1053 2898 cum
1084 2867 1260 2898 contineri
1295 2877 1337 2899 eo
1365 2867 1457 2900 libro
1484 2867 1578 2899 dicat
1615 2868 1760 2900 nomina
1787 2869 1938 2902 omnlum
1964 2872 2142 2902 terrarum
2175 2867 2333 2911 gentium
2361 2863 2500 2901 urbium

523 2927 613 2972 (142
644 2933 667 2958 a
696 2925 776 2966 41):
827 2931 1038 2970 quamquam
1076 2933 1146 2956 non
1178 2925 1383 2968 negaverim
1427 2926 1462 2958 in
1492 2921 1749 2970 geographicis
1793 2933 1934 2971 quoque
1966 2921 2224 2970 Apollodorum
2265 2922 2309 2960 de
2347 2922 2499 2970 pristino

523 2983 614 3020 Aeni
639 2983 781 3017 nomine
806 2981 918 3017 verba
945 2980 1064 3015 facere
1089 2981 1261 3026 potuisse.

460 3044 497 3087 1)
520 3052 576 3089 ap.
604 3041 705 3077 Serv.
734 3039 818 3076 Aen.
845 3037 913 3084 ill;
951 3040 1006 3079 16.
1031 3037 1076 3074 of.
1102 3037 1266 3075 Welcker
1289 3039 1374 3087 cycl.
1400 3050 1454 3086 ep.
1483 3036 1536 3081 11;
1574 3041 1646 3078 109.

455 3101 496 3144 2)
521 3099 561 3135 A.
587 3098 627 3136 R.
653 3098 688 3142 13
727 3099 785 3137 47.
810 3100 865 3137 49.
