2922 3630
403 405 650 449 cosissimae
682 412 807 464 atque
836 417 980 449 earum
1011 403 1237 448 nonnullae
1268 403 1417 447 nescio
1444 416 1527 461 qua
1558 416 1710 449 caussa
1742 412 1994 462 cogerentur
2018 404 2169 449 finibus
2192 408 2327 451 exire:
2366 411 2513 457 lactum

404 481 469 518 est
508 482 550 519 ut
590 477 684 519 dum
719 487 853 519 novas
895 473 1019 517 sedes
1061 480 1266 530 quaerunt
1305 487 1446 518 rursus
1489 473 1599 516 alias
1635 476 1751 528 agris
1788 474 2020 532 spoliarent
2060 484 2343 533 cogeremque
2381 479 2511 525 solum

402 551 571 588 vertere
593 543 728 588 donec
756 555 810 587 ea
830 544 1090 587 commutatio
1119 542 1174 586 ad
1196 543 1417 587 universas
1447 542 1537 586 lere
1555 543 1763 600 pertinuit.
1810 543 1956 602 Itaque
1987 558 2095 602 quae
2114 552 2239 589 antea
2269 546 2313 589 in
2332 546 2512 595 Graecia

401 612 631 657 floruerant
667 614 857 657 civitates
904 625 1046 656 earum
1093 612 1240 656 multas
1276 611 1464 656 videmus
1508 610 1733 655 concidere
1779 620 1900 669 atque
1940 615 2170 670 exstingui,
2217 623 2365 659 contra
2403 631 2514 662 nova

402 682 556 741 exoriri
587 682 772 737 gentium
799 679 1010 725 vocabula
1041 680 1129 725 alia
1154 693 1206 725 ex
1237 680 1355 732 aliis,
1385 681 1661 736 migrationes
1690 679 1868 738 denique
1889 681 2129 739 populorum
2159 681 2245 726 fieri
2272 685 2512 742 permultas.

402 748 547 807 Neque
576 750 687 794 intra
717 749 928 803 Graeciae
960 750 1062 794 fines
1093 763 1139 793 se
1170 751 1462 794 continuerunt
1491 755 1617 805 atque
1648 750 1767 806 quasi
1801 752 2012 806 compositi
2045 757 2140 796 sunt
2168 751 2230 795 illi
2251 761 2401 800 motus.
2433 757 2509 801 sed

398 819 553 876 ingens
584 818 798 864 multitudo
828 832 968 864 eorum
1000 821 1070 876 qui
1100 820 1287 876 pristinis
1315 817 1487 863 sedibus
1518 819 1686 862 amissis
1719 830 1803 862 non
1834 819 2065 864 invenirent
2092 834 2245 870 novas,
2289 836 2336 867 se
2367 824 2510 870 effudit

399 890 445 931 in
476 889 632 932 Asiam.
692 888 806 933 lnter
833 889 911 934 hos
939 889 1057 947 primi
1092 888 1182 931 fere
1214 888 1332 932 suere
1362 888 1540 932 Aeoles:
1593 900 1697 945 quos
1740 895 1904 933 constat
1935 896 2152 946 antequam
2193 905 2327 937 naves
2367 893 2509 940 solve·

400 965 493 1001 rent
531 957 601 1002 diu
634 966 912 1003 commoratos
951 970 1045 1003 esse
1087 958 1130 1000 in
1166 957 1345 1002 Boeotia
1380 964 1419 1000 et
1458 969 1588 1015 prope
1630 964 1808 1002 montem
1844 957 2049 1001 Phricium
2088 960 2203 1004 situm
2246 964 2287 1006 in
2329 964 2508 1010 confinio

397 1024 596 1071 Locridis
640 1026 991 1086 Thessaliaeque.
1061 1027 1201 1083 Atque
1245 1026 1337 1069 dum
1376 1027 1487 1069 circa
1528 1038 1580 1068 ea
1621 1025 1719 1069 loca
1759 1025 2064 1084 expeditionem
2097 1038 2243 1083 parant
2282 1046 2332 1076 ex
2373 1036 2508 1079 variis

400 1095 612 1140 Graeciae
643 1096 830 1155 partibus
858 1099 1019 1140 mistam
1049 1096 1255 1139 hominum
1285 1093 1448 1137 turbam
1474 1092 1703 1150 collegisse
1735 1095 1939 1140 dicuntur.

535 1225 682 1271 Soluto
731 1228 840 1271 enim
880 1227 1148 1272 multifariam
1197 1241 1274 1286 per
1318 1233 1377 1270 tot
1427 1225 1540 1269 bella
1591 1226 1758 1270 vinculo
1794 1226 1867 1270 illo
1910 1240 1991 1284 quo
2032 1228 2214 1284 antiquis
2257 1232 2505 1288 temporibus

399 1295 606 1340 hominum
638 1303 788 1353 gentes
829 1296 966 1341 solent
996 1298 1229 1353 constringi
1259 1294 1490 1353 deletisque
1531 1294 1587 1339 ad
1625 1296 1950 1340 internecionem
1989 1295 2081 1339 sere
2120 1296 2257 1340 multis
2297 1298 2504 1347 Graeciae

398 1365 587 1424 populis:
633 1366 788 1410 factum
821 1373 884 1411 est
910 1374 953 1411 ut
982 1380 1035 1410 ex
1066 1368 1266 1411 universa
1298 1364 1479 1409 Graecia
1506 1364 1564 1409 ad
1593 1366 1834 1409 societatem
1866 1367 1957 1409 eius
1999 1378 2108 1423 quae
2147 1367 2261 1410 circa
2291 1366 2505 1415 Boeotiam

401 1429 635 1492 parabatur
669 1434 947 1493 expeditionis
985 1437 1256 1480 convenirent
1295 1434 1481 1479 homines
1521 1435 1669 1479 variae
1708 1434 1884 1490 originis
1928 1441 2055 1491 atque
2098 1434 2173 1478 alii
2213 1434 2309 1479 aliis
2348 1436 2506 1496 linguis

398 1511 561 1549 utentes
586 1506 640 1558 ¹):
673 1507 744 1562 qui
774 1519 865 1549 cum
891 1507 936 1549 in
967 1505 1149 1549 Graecia
1177 1518 1307 1561 agros
1340 1518 1422 1548 non
1449 1504 1652 1549 haberent
1670 1504 1895 1561 sperabant
1923 1517 1970 1547 se
1999 1504 2043 1547 in
2064 1505 2164 1547 Asia
2192 1507 2308 1549 novis
2330 1507 2504 1553 sedibus

397 1575 598 1632 potituros
627 1588 736 1619 esse.
801 1574 866 1619 Ita
895 1575 1141 1619 Boeotorum
1183 1587 1371 1632 quoque,
1409 1575 1474 1617 cui
1507 1574 1624 1632 genti
1655 1573 1889 1629 contigerat
1917 1580 2033 1617 terra
2070 1575 2196 1632 potiri
2231 1574 2502 1632 fertilissima,

396 1644 584 1700 permulti
623 1658 715 1689 cum
751 1645 957 1690 Aeolibus
1003 1659 1050 1688 se
1102 1646 1356 1689 coniunxere
1378 1643 1441 1698 ²):
1494 1643 1737 1701 Magnetum
1775 1655 1900 1699 porro
1946 1645 2014 1701 qui
2056 1645 2099 1687 in
2143 1642 2367 1690 Thessalia
2406 1657 2502 1692 sunt

395 1728 482 1757 non
521 1717 645 1772 pauci
669 1713 704 1767 ³)
742 1714 901 1771 aliique
941 1727 1081 1758 eorum
1119 1727 1222 1770 quos
1265 1712 1463 1757 Thessali
1502 1713 1620 1769 agris
1658 1711 1947 1768 privaverant,
1998 1719 2041 1756 ut
2082 1711 2269 1757 Theseus
2316 1714 2390 1760 ille
2430 1720 2500 1776 qui

396 1797 532 1840 genus
564 1783 678 1828 duxit
709 1783 763 1827 ab
796 1782 965 1827 Eumelo
989 1782 1153 1827 Admeti
1180 1780 1278 1826 filio.

535 1903 610 1948 His
647 1904 759 1948 addo
799 1905 1015 1948 Aenianes
1053 1915 1156 1960 quos
1198 1908 1358 1960 partem
1399 1901 1529 1945 fuisse
1566 1901 1742 1946 Aeolum
1779 1904 1934 1946 scimus
1951 1900 2004 1955 ⁴).
2074 1900 2163 1944 Huc
2204 1903 2310 1945 enim
2339 1912 2502 1963 spectat

399 1972 508 2030 quod
543 1973 779 2032 Stephanus
814 1972 915 2017 dixit
950 1974 1110 2017 Aenum
1147 1984 1255 2029 quae
1290 1977 1353 2015 est
1392 1972 1436 2015 in
1467 1970 1657 2015 Thracia
1690 1985 1843 2016 nomen
1883 1971 2064 2015 traxisse
2103 1969 2157 2013 ab
2196 1985 2248 2015 ea
2287 1986 2395 2030 quae
2436 1983 2500 2019 est

395 2057 528 2102 prope
560 2042 722 2088 Ossam.
781 2041 914 2087 Moris
947 2043 1055 2086 enim
1089 2048 1131 2085 ut
1160 2040 1324 2085 videtur
1355 2040 1433 2085 suit
1461 2040 1724 2085 Aenianibus
1750 2048 1793 2084 ut
1825 2039 1952 2085 urbes
1984 2039 2186 2084 haberent
2213 2045 2497 2100 cognomines.

397 2112 544 2171 Itaque
573 2113 629 2158 ad
660 2112 913 2158 Titaresium
942 2126 1023 2171 quo
1056 2111 1151 2156 loco
1184 2112 1478 2170 antiquissimis
1505 2111 1756 2170 temporibus
1786 2109 1911 2155 sedes
1940 2110 2191 2164 habuerant,
2220 2112 2499 2159 condiderunt

396 2183 594 2233 Aeniam,
632 2191 716 2227 tum
759 2182 816 2227 ad
843 2189 1022 2227 montem
1051 2181 1203 2226 Ossam
1232 2183 1407 2225 Aenum.
1473 2179 1620 2225 Tertio
1660 2181 1755 2225 loco
1796 2180 2033 2240 Stephanus
2062 2181 2218 2225 Aenum
2248 2196 2498 2228 commemo·

397 2255 508 2298 ravit
541 2252 686 2298 urbem
716 2251 990 2298 Thessaliae:
1050 2265 1158 2309 quae
1194 2265 1274 2310 quo
1314 2250 1409 2296 loco
1454 2243 1581 2296 fuerit
1616 2253 1824 2296 nescimus
1859 2264 2102 2310 quamquam
2136 2248 2298 2296 videtur
2328 2252 2502 2298 condita

398 2336 495 2367 esse
525 2322 580 2367 ab
611 2322 875 2368 Aenianibus
895 2329 1112 2381 postquam
1144 2334 1166 2365 e
1195 2334 1342 2379 campo
1369 2319 1491 2365 Dotio
1521 2319 1727 2365 abierunt.
1784 2319 1848 2365 De
1877 2328 2028 2378 quarta
2046 2334 2150 2378 quae
2170 2328 2316 2379 postea
2335 2321 2501 2369 Locro-

397 2406 487 2437 rum
526 2392 641 2437 facta
686 2400 749 2438 est
784 2406 926 2437 eorum
972 2392 1042 2449 qui
1084 2388 1243 2434 Ozolae
1289 2389 1498 2441 dicuntur,
1550 2403 1635 2435 non
1674 2388 1970 2434 dubitaverim:
2026 2390 2138 2433 circa
2176 2390 2351 2435 eandem
2391 2394 2497 2437 enim

396 2466 609 2520 regionem
641 2461 868 2518 aliquando
898 2458 1138 2505 consedisse
1173 2459 1385 2504 Aenianes
1418 2466 1561 2505 auctor
1600 2465 1663 2503 est
1689 2457 1935 2503 Plutarchus
1959 2458 2007 2514 ⁵).
2069 2457 2225 2511 Quibus
2265 2463 2413 2507 nescio
2442 2476 2495 2506 an

399 2532 556 2577 addere
593 2531 723 2576 liceat
762 2532 942 2589 quintam
984 2540 1090 2587 quae
1129 2528 1206 2573 fuit
1242 2541 1371 2587 prope
1412 2529 1680 2588 Thapsacum
1724 2527 1779 2572 ad
1808 2526 2079 2587 Euphratem:
2131 2534 2245 2572 certe
2279 2529 2494 2575 Aenianes

464 2785 503 2830 1)
528 2783 665 2820 Hellan.
693 2792 751 2829 ap.
778 2780 842 2819 Tz.
868 2781 951 2830 Lyc.
982 2785 1079 2821 1374.
1107 2780 1217 2831 Etym.
1245 2784 1409 2822 Αἰολεῖς.

464 2854 505 2899 2)
528 2851 647 2888 Strab.
671 2853 752 2888 402.

464 2923 505 2968 3)
532 2920 590 2957 Ps.
617 2918 697 2956 Her.
720 2921 782 2955 vit.
808 2918 907 2956 Hom.
934 2928 964 2957 1.
990 2927 1022 2958 2.

463 2991 505 3037 4)
530 2988 640 3026 schol.
664 2985 767 3024 Dion.
795 2984 833 3023 P.
858 2990 938 3025 820.
963 2999 1171 3037 quamquam
1199 2991 1368 3033 corrupta
1392 2990 1472 3023 sunt
1494 2996 1585 3033 quae
1610 2987 1662 3023 ibi
1686 2988 1859 3035 leguntur.

461 3060 502 3107 5)
527 3057 619 3095 Plut.
644 3068 702 3104 qu.
729 3066 784 3102 gr.
811 3059 865 3092 13.
892 3057 947 3093 26.
