2922 3630
505 748 674 814 videri
712 749 978 814 Homerum
1024 763 1415 814 commemorare
1462 761 1553 810 res
1591 745 1726 810 bello
1765 745 1982 810 Troiano
2020 747 2337 813 inferiore&

1339 909 1485 954 Scripsit

1221 1021 1277 1068 13.
1329 1019 1484 1067 Gise
1500 1017 1594 1064 ke.

495 1366 543 1411 C.
576 1365 765 1410 Velleius
785 1361 1036 1410 Paterculus
1066 1361 1109 1407 in
1129 1361 1299 1408 introitu
1320 1364 1459 1421 operis
1483 1364 1548 1408 sui
1573 1362 1624 1408 de
1645 1359 1884 1421 primordiis
1915 1361 2122 1407 Graeciae
2142 1363 2273 1409 verba
2293 1364 2458 1412 faciens

355 1448 494 1493 pauca
525 1435 693 1494 quidem
726 1432 932 1493 disputat,
975 1431 1052 1478 sed
1081 1430 1290 1477 subtiliter
1324 1439 1448 1491 atque
1481 1432 1542 1476 ita
1566 1439 1609 1477 ut
1639 1438 1843 1491 appareat
1872 1445 1923 1477 ex
1952 1433 2006 1477 iis
2037 1445 2142 1491 quae
2167 1446 2217 1478 eo
2246 1435 2460 1493 pertinent

354 1503 485 1548 multa
522 1512 605 1550 tum
647 1504 844 1563 temporis
884 1505 927 1548 in
965 1501 1174 1546 hominum
1214 1515 1287 1546 ore
1324 1502 1455 1546 fuisse
1487 1515 1660 1561 quorum
1689 1502 1893 1546 memoria
1934 1500 1990 1545 ad
2031 1515 2107 1546 nos
2145 1516 2226 1547 non
2253 1506 2457 1564 pervenit.

355 1573 498 1633 Neque
528 1575 660 1633 potuit
688 1573 774 1617 ‘illa
808 1587 892 1633 qua
918 1571 1107 1617 Velleius
1141 1572 1246 1616 vixit
1282 1579 1398 1615 aetas
1441 1584 1526 1615 non
1558 1568 1776 1614 abundare
1806 1572 2049 1630 cognitione
2080 1572 2291 1617 multarum
2319 1588 2458 1619 rerum

358 1657 468 1703 quae
504 1643 698 1688 valerent
733 1642 790 1687 ad
830 1641 1123 1687 illustrandum
1161 1643 1342 1701 priscum
1372 1640 1579 1686 Graeciae
1619 1646 1788 1692 statum,
1832 1654 1922 1686 cum
1961 1650 2020 1688 tot
2055 1642 2155 1688 libri
2191 1642 2338 1701 quibus
2378 1659 2458 1690 nos

360 1727 553 1759 caremus
580 1713 824 1770 legerentur
854 1719 1078 1771 essentque
1108 1713 1152 1756 in
1180 1709 1316 1757 oculis
1346 1710 1522 1754 omnium
1551 1708 1894 1769 praeclarissima
1922 1720 2182 1758 monumenta
2222 1727 2272 1757 ex
2305 1713 2459 1773 quibus

359 1796 468 1841 quae
500 1785 544 1827 in
577 1782 757 1841 singulis
788 1780 962 1827 urbibus
992 1780 1293 1839 regionibusve
1324 1779 1548 1838 antiquitus
1585 1786 1705 1837 gesta
1749 1787 1892 1825 essent
1922 1781 2052 1827 facile
2083 1782 2270 1841 dignosci
2300 1790 2456 1842 posset.

356 1851 445 1897 Sed
480 1866 531 1897 ex
561 1864 718 1908 magna
747 1865 889 1896 eorum
917 1864 1026 1909 quae
1059 1852 1103 1895 in
1134 1856 1323 1912 promptu
1350 1856 1488 1895 essent
1517 1850 1643 1907 copia
1665 1847 1852 1895 Velleius
1879 1863 1969 1895 cum
2001 1850 2113 1895 aliud
2142 1859 2291 1909 ageret
2316 1866 2459 1912 pauca

356 1921 712 1972 commemoravit,
762 1919 851 1964 alia
896 1921 1160 1979 praeteriens
1200 1920 1339 1975 attigit
1380 1919 1513 1975 magis
1552 1930 1675 1976 quam
1710 1919 1883 1977 copiose
1928 1919 2126 1963 narravit.
2199 1921 2337 1979 Atque
2373 1922 2456 1967 huc

356 1988 460 2033 illud
493 2001 658 2046 quoque
690 1988 832 2033 refero
872 1988 982 2047 quod
1022 1995 1086 2033 est
1128 1988 1179 2033 de
1214 1988 1403 2033 Homero.
1472 1987 1586 2031 Dixit
1625 1987 1733 2031 enim
1773 1987 1829 2032 ab
1864 1987 2044 2033 Homero
2087 1988 2213 2034 urbes
2251 1991 2457 2048 quasdam

359 2056 568 2117 appellari
597 2057 651 2102 iis
680 2056 917 2101 nominibus
948 2056 1096 2115 quibus
1126 2058 1273 2102 vocari
1304 2062 1476 2116 coeptae
1515 2061 1658 2101 essent
1689 2055 1816 2101 multo
1856 2063 1952 2116 post
1980 2056 2094 2101 Ilium
2124 2064 2299 2117 captum.
2365 2059 2458 2108 Hoc

357 2130 395 2172 si
426 2128 527 2173 fecit
566 2133 693 2186 poeta
728 2139 834 2184 quae
869 2133 1009 2171 aetate
1053 2127 1169 2171 infra
1199 2126 1355 2171 bellum
1386 2125 1616 2170 Troianum
1657 2132 1796 2170 essent
1831 2125 1973 2171 retulit
2008 2126 2060 2170 ad
2097 2126 2219 2173 huius
2254 2135 2460 2188 tempora,

358 2204 507 2242 contra
538 2196 739 2241 historiae
765 2195 887 2239 fidem
918 2195 974 2240 ad
1009 2209 1131 2254 quam
1161 2209 1233 2241 res
1267 2198 1359 2241 eius
1394 2193 1497 2240 belli
1526 2208 1618 2240 eum
1653 2196 1896 2241 narravisse
1935 2209 2094 2254 semper
2123 2198 2461 2245 existimaverunt

358 2265 536 2310 Graeci:
591 2271 630 2308 et
672 2264 819 2309 eadem
859 2278 906 2309 re
947 2276 1039 2308 eam
1079 2276 1163 2322 qua
1194 2266 1286 2323 ipse
1321 2265 1422 2307 vixit
1462 2269 1642 2308 aetatem
1677 2263 1857 2321 quodam
1892 2265 2014 2309 modo
2049 2266 2212 2310 videtur
2251 2267 2457 2314 indicare.

357 2333 520 2387 Quodsi
547 2335 638 2377 iure
669 2333 858 2378 dolemus
889 2333 999 2391 quod
1028 2333 1217 2378 Velleius
1248 2334 1442 2379 brevitati
1474 2333 1645 2378 studens
1680 2333 1811 2376 noluit
1849 2334 1978 2377 urbes
2009 2346 2255 2380 enumerare
2286 2350 2454 2395 quorum

355 2403 592 2450 nominibus
619 2403 701 2448 hoc
731 2401 852 2447 modo
885 2404 942 2447 uti
972 2402 1179 2448 intellexit
1207 2402 1451 2449 Homerum:
1500 2393 1787 2462 quaerendum
1815 2401 1978 2447 videtur
2007 2403 2054 2447 de
2086 2404 2267 2462 singulis
2299 2405 2455 2451 urbium

356 2475 595 2532 gentiumve
625 2472 862 2517 nominibus
890 2485 973 2531 qua
1001 2474 1165 2518 ratione
1199 2486 1334 2531 quove
1363 2474 1453 2517 iure
1485 2472 1541 2517 ad
1575 2470 1678 2516 belli
1708 2470 1888 2516 Troiani
1924 2480 2110 2531 tempora
2141 2475 2294 2520 referri
2330 2487 2455 2533 posse
2536 2512 2542 2522 .

354 2541 594 2588 videantur.
652 2540 702 2585 Et
733 2543 922 2599 quamvis
954 2542 1131 2585 sentiam
1173 2554 1277 2600 opus
1321 2553 1415 2585 esse
1455 2553 1650 2598 magnum
1685 2553 1824 2598 neque
1863 2540 1931 2585 hic
1968 2554 2093 2600 posse
2126 2543 2308 2596 absolvi,
2348 2557 2455 2587 non-

354 2609 473 2655 nulla
499 2618 639 2655 tamen
668 2623 776 2668 quae
805 2611 886 2655 huc
915 2610 1074 2654 faciunt
1100 2610 1180 2654 hac
1213 2609 1431 2655 scribendi
1466 2611 1692 2655 occasione
1724 2607 1825 2652 data
1853 2610 2063 2669 colligam.

491 2680 760 2725 Notissimum
790 2687 854 2725 est
894 2678 998 2723 illud
1036 2677 1089 2722 de
1118 2679 1309 2729 Boeoti8‚
1350 2692 1454 2737 quos
1488 2685 1654 2723 constat
1680 2680 1904 2735 sexaginta
1932 2681 2019 2725 fere
2050 2689 2143 2740 post
2170 2679 2320 2726 bellu·
2347 2676 2457 2722 Tro-

354 2750 496 2791 ianum
526 2750 651 2791 annis
689 2751 733 2791 in
764 2762 857 2791 eam
886 2748 1103 2802 regionem
1133 2749 1379 2806 pervenisse
1420 2760 1544 2805 quam
1584 2759 1786 2790 vocamus
1814 2747 2044 2792 Boeotiam.
2112 2751 2200 2793 Non
2236 2753 2458 2807 potuerunt

354 2819 485 2876 igitur
514 2832 537 2862 e
567 2818 744 2862 Boeotia
774 2815 949 2860 Troiam
979 2815 1125 2859 venire
1153 2824 1195 2859 ut
1220 2815 1425 2861 Homerus
1453 2816 1621 2876 putavit.
1681 2813 1825 2859 Sensit
1855 2817 1935 2862 hoc
1967 2814 2234 2876 Thucydides
2261 2824 2385 2875 atque
2414 2824 2459 2860 ιιι

352 2902 438 2933 rem
473 2889 705 2948 explicaret
726 2884 828 2928 dixit
858 2892 1016 2943 partem
1041 2884 1290 2930 Boeotorum
1312 2899 1432 2945 quam
1453 2893 1603 2945 postea
1624 2886 1753 2929 ceteri
1784 2890 1917 2931 secuti
1948 2896 2084 2933 essent
2107 2890 2189 2931 ian
2217 2883 2321 2929 belli
2350 2884 2462 2929 Tro-

2032 2957 2050 2997 1
