2922 3630
1219 237 1630 286 -4—

374 372 550 429 triginta
577 371 671 418 fere
686 384 820 418 annos
847 371 893 416 iu
911 369 1048 414 Attica
1068 367 1194 414 sedes
1210 366 1413 414 babuisse
1433 366 1649 429 probabili
1670 366 1913 413 coniectura
1938 366 2080 413 statuit
2110 365 2162 413 Ο.
2191 365 2425 414 Muellerus
2442 366 2493 421 ⁸).

373 441 575 501 Sequitur
599 448 644 486 ut
671 446 859 501 putemus
891 451 967 482 eos
992 437 1152 490 Lemno
1175 439 1330 498 potitos
1365 451 1461 482 esse
1492 436 1778 496 quadraginta
1792 437 1915 482 fere*
1935 436 2003 482 vel
2031 437 2342 497 quinquaginta
2367 437 2493 480 annis

375 520 474 556 ante
506 526 628 571 quam
658 511 791 554 Jones
822 507 994 553 Athenis
1027 510 1238 564 exierunt,
1278 508 1511 564 nonaginta
1545 507 1639 552 fere
1668 507 1739 553 vel
1769 515 1935 552 centum
1965 510 2090 551 annis
2118 513 2337 566 postquam
2366 505 2494 551 Jlium

378 588 541 641 captum
569 585 631 625 est
658 579 714 625 ab
744 580 1072 638 Agamemnone.

513 648 604 695 Hoc
638 647 843 695 Homerus
863 647 1044 703 *videtur
1071 646 1338 703 neglexisse:
1390 644 1494 692 facit
1512 642 1557 701 ²)
1595 644 1706 689 enim
1745 643 1972 690 Vulcanum
2014 648 2059 691 in
2099 646 2283 693 concilio
2322 646 2495 691 deorum

380 726 621 765 narrantem
648 734 696 764 se
726 733 753 763 a
782 721 881 763 Iove
909 728 932 758 e
956 713 1075 759 coelo
1098 713 1307 758 deiectum
1332 712 1530 758 Lemnum
1547 713 1718 758 venisse
1746 712 1803 757 ad
1824 712 1984 760 Sinties
2013 723 2056 761 et
2085 730 2232 762 rursus
2253 715 2292 773 ³)
2314 715 2496 761 Martem

381 788 538 834 Veneri
566 790 821 834 nuntiantem
853 780 1085 828 Vulcanum
1116 782 1237 828 domo
1269 782 1431 827 abiisse
1460 789 1504 828 ut
1532 784 1732 828 Lemnum
1771 795 1820 828 se
1853 784 2069 830 conferret
2101 784 2157 829 ad
2187 784 2371 830 Sinties:
2410 783 2498 842 'qui

383 868 467 913 quo
496 862 680 912 tempore
707 852 817 897 haec
847 860 1028 909 aguntur
1053 851 1235 896 nondum
1266 855 1311 897 iu
1340 866 1429 899 eam
1448 853 1630 898 insulam
1656 861 1948 911 pervenerant.
2005 855 2139 913 Atque
2162 853 2303 899 simile·
2318 852 2498 912 quodam

383 923 510 969 modo
539 922 644 968 illud
673 927 738 966 est
767 920 880 978 quod
917 920 969 965 de
999 921 1169 965 Boeotis
1201 935 1330 980 supra
1361 923 1457 966 dixi.
1528 921 1617 966 Hos
1658 923 1767 965 enim
1804 930 1929 980 poeta
1969 923 2073 967 dixit
2108 922 2284 967 Troiam
2328 924 2499 967 venisse

388 1008 441 1039 ex
472 996 527 1038 iis
554 990 801 1050 regionibus
830 1002 934 1047 quas
965 997 1276 1048 occupaverunt
1302 992 1525 1048 sexaginta
1552 991 1642 1035 fere
1673 993 1796 1035 annis
1825 999 1920 1051 post
1949 992 2131 1045 Troica,
2161 992 2321 1036 Sinties
2350 990 2499 1035 eodem

386 1069 570 1119 tempore
601 1061 761 1119 putavit
800 1057 924 1102 sedes
965 1058 1166 1104 habuisse
1197 1062 1241 1104 in
1275 1059 1416 1104 insula
1456 1074 1580 1117 quam
1610 1067 1773 1103 centum
1816 1060 1904 1104 sere
1947 1063 2071 1105 annis
2103 1062 2217 1105 infra
2255 1062 2498 1117 attigerunt.

387 1132 432 1174 In
462 1136 639 1187 utraque
674 1140 722 1172 re
760 1127 820 1170 ita
859 1128 1015 1171 erravit
1051 1135 1177 1186 poeta
1214 1134 1257 1173 ut
1287 1141 1395 1186 quae
1432 1128 1565 1186 ipsius
1598 1134 1736 1172 aetate
1781 1135 1893 1173 esset
1930 1143 2069 1175 rerum
2106 1129 2294 1174 conditio
2325 1127 2500 1172 eandem

387 1198 491 1244 belli
522 1210 688 1257 quoque
721 1194 899 1239 Troiani
926 1201 1110 1255 tempore
1139 1197 1274 1242 fuisse
1304 1204 1477 1256 putaret.
1546 1196 1632 1241 Sed
1670 1197 1884 1243 fatendum
1927 1206 1992 1243 est
2020 1200 2184 1244 cavisse
2224 1198 2427 1242 eum‘bac
2456 1198 2501 1240 in

389 1283 435 1313 re
468 1267 523 1313 ab
553 1267 638 1312 alio
667 1278 815 1311 errore
844 1264 886 1308 in
915 1278 1035 1322 quem
1064 1264 1194 1311 facile
1210 1273 1373 1325 poterat
1392 1263 1593 1311 incidere.
1641 1265 1800 1311 Sinties
1819 1269 1927 1312 enim
1955 1268 2045 1312 sive
2064 1267 2240 1324 Pelasgi
2268 1280 2296 1310 a
2323 1265 2501 1310 Graecis

390 1338 518 1382 etiam
554 1334 764 1393 Tyrrheni
794 1340 1015 1378 vocantur:
1067 1341 1107 1378 et
1136 1348 1266 1394 saepe
1294 1336 1352 1378 ita
1381 1341 1423 1378 ut
1454 1333 1509 1378 ad
1538 1333 1758 1379 Boeotiam
1788 1348 1954 1395 quoque
1981 1336 2052 1381 vel
2086 1336 2261 1381 Atticam
2293 1335 2504 1379 referatur

388 1406 472 1452 hoc
498 1417 671 1457 nomen,
707 1403 818 1463 quod
856 1417 939 1447 non
966 1403 1131 1448 videtur
1172 1406 1227 1448 iis
1258 1404 1489 1461 impositum
1527 1416 1622 1448 esse
1660 1406 1744 1448 nisi
1778 1411 1998 1465 postquam
2024 1405 2173 1451 Lemni
2207 1404 2499 1451 consederunt.

389 1477 527 1535 Atque
556 1474 684 1518 utitur
716 1487 768 1518 eo
797 1474 961 1517 nomine
990 1473 1163 1530 hymnus
1196 1471 1271 1516 ille
1297 1474 1342 1516 iu
1372 1471 1614 1530 Dionysium
1650 1475 1721 1533 qui
1752 1474 1887 1520 fertur
1924 1476 1967 1519 in
1999 1475 2248 1521 Homericis.
2316 1471 2500 1517 Homero

392 1557 556 1604 quoque
586 1543 658 1587 vel
682 1544 870 1600 quisquis
895 1542 974 1586 has
1006 1543 1057 1586 de
1073 1541 1229 1601 quibus
1260 1542 1355 1585 dico
1376 1549 1516 1600 partes
1535 1542 1681 1587 Iliadis
1712 1551 1753 1587 et
1773 1543 1993 1603 Odysseae
2016 1547 2248 1604 composuit
2277 1542 2321 1586 id
2350 1554 2502 1585 nomen

391 1621 531 1658 notum
570 1612 706 1656 fuisse
747 1612 970 1655 verisimile
1009 1620 1089 1655 est:
1139 1611 1216 1656 sed
1255 1612 1398 1656 maluit
1435 1618 1560 1670 poeta
1598 1615 1657 1656 uti
1686 1614 1826 1671 prisco
1862 1614 1936 1658 illo
1968 1614 2146 1658 Sintium
2182 1615 2349 1658 nomine
2390 1610 2503 1670 quod

392 1698 480 1728 non
505 1682 674 1726 multum
703 1681 747 1725 in
779 1682 984 1726 hominum
1015 1696 1090 1726 ore
1120 1682 1197 1726 suit
1226 1695 1361 1738 neque
1387 1680 1542 1737 legitur
1564 1679 1676 1739 apud
1705 1695 1843 1725 rernm
1864 1684 2115 1742 scriptores:
2154 1684 2367 1743 proprium
2395 1682 2504 1725 enim

394 1761 461 1797 est
489 1759 703 1811 poetarum
729 1751 796 1796 vel
828 1764 968 1796 eorum
999 1752 1068 1809 qui
1096 1757 1243 1809 poetas
1273 1751 1607 1809 interpretantur.

534 1819 623 1866 Sed
650 1833 786 1880 pergo
817 1819 872 1863 ad
901 1818 1016 1864 aliud
1048 1819 1159 1879 quod
1190 1818 1336 1863 eodem
1362 1819 1453 1863 fere
1473 1825 1644 1877 spectat.
1702 1820 1845 1864 Aenus
1876 1820 1953 1865 suit
1980 1821 2082 1866 urbs
2113 1824 2157 1866 in
2189 1834 2267 1866 ora
2289 1820 2504 1865 Thraciae

393 1894 496 1944 sita,
536 1892 647 1935 inter
683 1891 830 1935 ostium
871 1889 999 1935 Hebri
1037 1889 1152 1934 fluvii
1196 1890 1411 1948 sinumque
1451 1890 1520 1947 qui
1560 1894 1736 1934 vocatur
1775 1889 1930 1934 Melas.
1997 1890 2160 1936 Nomen
2195 1891 2313 1936 urbis
2350 1890 2506 1949 primus

394 1961 603 2006 Homerus
647 1962 1002 2006 commemoravit:
1062 1958 1165 2003 dixit
1210 1959 1319 2002 enim
1340 1957 1383 2015 ⁴)
1417 1957 1582 2003 Piroum
1625 1958 1746 2003 Aeno
1785 1959 2005 2004 oriundum
2043 1960 2220 2005 Troiam
2256 1961 2423 2005 venisse
2462 1965 2506 2002 ut

397 2029 595 2074 auxilium
635 2028 766 2072 ferret
803 2029 980 2072 Priamo.
1050 2027 1140 2071 Sed
1176 2028 1402 2084 antiquitus
1439 2028 1479 2070 ei
1515 2026 1608 2070 urbi
1649 2039 1735 2071 non
1773 2029 1895 2072 Aeno
1935 2028 2013 2073 sed
2051 2028 2335 2086 Poltymbriae
2372 2028 2506 2071 fuisse

397 2112 549 2142 nomen
577 2097 733 2157 Strabo
778 2104 820 2141 et
855 2097 1137 2155 Apollodorus
1172 2098 1401 2141 memoriae
1430 2095 1706 2155 prodiderunt
1727 2097 1786 2154 ⁵):
1845 2112 1977 2155 quare
2022 2098 2205 2142 dubitari
2252 2105 2389 2156 potest
2427 2109 2508 2153 quo

398 2169 486 2212 iure
512 2166 715 2213 Homerus
745 2181 797 2212 eo
829 2169 994 2213 nomine
1024 2181 1122 2211 usus
1139 2166 1220 2229 sit.
1339 2210 1343 2214 .

532 2235 738 2281 Incertum
767 2243 832 2281 est
857 2251 951 2281 num
981 2235 1236 2293 Poltymbria
1268 2233 1448 2280 dicenda
1477 2234 1530 2278 sit
1557 2247 1614 2279 an
1638 2231 1897 2290 Poltyobria.
1946 2234 2169 2293 Utrumque
2188 2237 2300 2280 enim
2328 2235 2373 2279 in
2391 2233 2511 2279 libris

398 2303 576 2361 legitur:
635 2305 716 2350 hoc
744 2304 974 2350 Kramerus
1004 2307 1184 2365 recepit,
1226 2303 1331 2348 illud
1358 2302 1607 2350 Meinekius.
1678 2301 1766 2347 Sed
1805 2304 1896 2347 sive
1927 2302 2215 2362 Poltyobriam
2255 2303 2514 2364 appellamus

399 2374 492 2419 sive
520 2374 833 2433 Poltymbriam,
865 2383 927 2421 est
956 2383 1068 2420 certe
1098 2375 1200 2421 urbs
1232 2374 1412 2432 Poltyis:
1462 2373 1575 2433 apud
1607 2374 1800 2419 Thraces
1834 2374 1944 2418 enim
1971 2381 2015 2418 ut
2044 2374 2208 2419 videtur
2233 2373 2338 2433 βρία
2366 2374 2512 2418 urbem

397 2442 621 2500 significat.
687 2445 750 2490 Ita
788 2445 1052 2490 Mesembria
1089 2445 1191 2490 urbs
1227 2444 1421 2500 Pontica,
1467 2443 1782 2501 Megarensium
1825 2442 2019 2497 colonia,
2077 2446 2248 2504 proprie
2286 2443 2512 2489 Menebria

397 2512 630 2556 vocabatur
659 2515 750 2557 sive
779 2513 1074 2569 Melsembria‚
1104 2515 1205 2559 urbs
1229 2515 1387 2559 Menae
1416 2514 1504 2558 sive
1531 2513 1697 2558 Melsae
1729 2527 1756 2557 a
1789 2526 1870 2571 quo
1900 2513 2034 2558 fertur
2057 2527 2151 2558 esse
2179 2513 2359 2558 condita.
2422 2511 2512 2555 Sed

401 2592 492 2623 cum
539 2580 726 2625 homines
770 2582 934 2628 Graece
983 2583 1201 2641 loquentes
1249 2582 1378 2627 facile
1415 2581 1564 2627 lateret
1601 2582 1775 2628 verbum
1812 2583 1980 2641 priscae
2020 2591 2061 2628 et
2090 2585 2212 2643 quasi
2253 2583 2509 2641 peregrinae

468 2775 509 2821 1)
539 2774 646 2811 Orcb.
671 2780 749 2815 302.

466 2836 508 2873 2)
530 2836 568 2867 A
589 2833 669 2870 594.

467 2891 507 2934 3)
527 2893 556 2924 θ
579 2892 661 2928 294.

464 2946 508 2989 4)
530 2946 555 2982 B
578 2948 650 2984 844
674 2958 703 2984 o.
728 2945 841 2983 schol.
868 2951 903 2983 Δ
928 2949 1008 2985 520.

468 3004 510 3051 5)
533 3001 652 3042 strab.
678 3005 758 3043 319.
783 3002 904 3052 Steph.
930 3002 1062 3043 Αἶνος.
