2922 3630
1198 254 1596 300 --9-.-.

336 384 516 440 regione
547 376 777 429 Thraciae.
839 384 982 437 Quare
1029 384 1122 429 dum
1171 397 1366 430 cavemus
1412 396 1466 427 ne
1506 397 1595 428 eum
1629 384 1773 429 dicere
1812 384 2031 429 credamus
2075 398 2186 442 quae
2227 400 2309 429 non
2347 390 2448 432 dixit

334 465 530 510 quaeque
563 454 775 512 putandus>
801 461 865 498 est
886 451 1072 498 noluisse
1102 451 1266 497 dicere:
1283 451 1285 455 ’
1302 451 1584 511 quaerendum
1600 453 1762 498 videtur
1791 467 2010 513 quamnam
2043 462 2203 514 partem
2229 453 2443 500 Thraciae

336 520 449 565 dicat
480 513 762 582 geographus.
834 520 1018 579 Vulgata
1057 535 1164 567 vero.
1202 520 1350 567 fabula
1388 527 1452 567 est
1488 520 1666 565 navibus
1705 524 1785 565 iter
1822 524 1973 567 fecisse
2004 524 2168 567 Orestis
2210 525 2319 567 filios
2358 540 2446 568 cum

334 589 538 634 Aeolibus
563 590 610 642 1).
671 590 720 636 Id
753 594 791 636 si
822 592 969 637 eadem
1001 595 1071 637 via
1101 593 1293 637 fecerunt
1321 605 1403 649 qua
1435 590 1578 635 Ulixes
1609 592 1651 633 in
1684 594 1857 649 patriam
1888 595 2028 639 redire
2060 603 2234 639 conatus
2271 604 2356 646 est,
2388 599 2447 640 ita

334 669 377 704 ut
408 674 524 705 oram
556 660 751 718 legerent
777 660 1013 715 Thraciae,
1048 668 1214 723 poterat
1248 660 1337 705 fieri
1368 666 1411 705 ut
1439 658 1630 703 Thracia
1659 666 1779 704 tenus
1807 667 2021 719 progressi
2053 664 2312 722 aliquamdiu
2342 678 2446 708 con-

331 730 550 774 sisterent:
606 730 685 775 hoc
714 732 848 789 ipsum
879 732 1135 787 significavit
1167 730 1333 774 Strabo.
1406 728 1507 772 Cum
1548 730 1655 772 enim
1688 743 1822 774 novas
1853 732 1974 777 sedes
2006 742 2258 791 quaererent
2290 736 2443 780 incerti

330 799 402 840 ubi
433 801 690 843 invenirent:
745 804 992 845 necessario
1021 801 1175 845 accidit
1205 808 1248 845 ut
1279 800 1358 844 huc
1385 796 1486 843 illuc
1518 811 1651 843 naves
1686 797 1944 858 appellerent
1974 809 2094 861 atque
2124 804 2160 847 si
2193 804 2288 861 quis
2322 804 2441 849 locus

333 868 514 912 idoneus
553 872 667 913 visus
706 878 820 913 esset
859 883 949 912 eum
987 877 1256 928 occuparent.
1334 867 1481 926 Neque
1516 880 1659 911 omnes
1707 867 1829 912 simul
1868 871 2123 925 navigabant
2158 872 2232 914 sed
2274 876 2441 929 magnis

328 936 561 980 intervallis
594 936 675 981 alii‘
701 946 796 995 post
822 938 951 982 alios:
993 953 1129 997 neque
1156 941 1215 983 ita
1247 952 1269 983 e
1290 937 1476 981 Graecia
1507 934 1815 987 discesserant,
1849 945 1892 980 ut
1923 942 2160 983 societatem
2192 955 2334 985 eornm
2368 945 2436 1000 qni

331 1009 636 1050 remansissent
675 1013 1002 1065 aspernarentur
1037 1007 1216 1066 planeve
1259 1007 1518 1051 abstinerent
1557 1018 1611 1049 ea
1652 1006 1945 1049 coniunctione
1990 1020 2097 1064 quae
2140 1009 2246 1065 apud
2288 1025 2437 1055 omnes

333 1081 484 1129 gentes
515 1076 781 1121 intercedere
823 1077 931 1122 solet
972 1078 1083 1121 inter
1122 1076 1313 1121 colonias
1347 1083 1581 1132 terramque
1621 1076 1806 1132 patriam.
1879 1075 1967 1117 Sed
1993 1078 2193 1119 intererat
2224 1094 2363 1124 eorum
2395 1091 2439 1125 ut

331 1144 368 1186 si
395 1142 566 1200 longius
594 1147 901 1203 processissent
921 1145 1085 1206 oppidis
1106 1146 1173 1190 hic
1192 1144 1280 1189 illic
1301 1142 1536 1188 muniendis
1556 1142 1772 1201 praesidia
1797 1143 2085 1202 relinquerent
2104 1159 2212 1203 quae
2238 1151 2436 1195 stationes

332 1221 472 1258 essent
502 1215 556 1258 iis
587 1216 656 1273 qui
687 1214 837 1260 eadem
866 1216 935 1260 via
964 1223 1036 1260 aut
1065 1222 1341 1274 sequerentur
1371 1221 1441 1257 aut
1472 1211 1671 1256 redirent.
1732 1211 1780 1254 ld
1812 1227 1913 1256 vero
1944 1214 2054 1257 Aeni
2085 1217 2258 1261 maxime
2288 1218 2435 1265 sactum

331 1295 425 1327 esse
457 1292 782 1329 consentaneum
814 1294 877 1330 est
907 1287 1008 1345 quia
1039 1286 1254 1342 aptissima
1294 1291 1418 1341 atque
1458 1284 1580 1340 quasi
1615 1283 1861 1325 necessaria
1901 1295 1955 1325 ea
1991 1282 2066 1326 fuit
2106 1287 2229 1331 statio
2274 1288 2327 1333 iis
2366 1292 2434 1348 qui

331 1353 560 1397 secundum
607 1353 706 1399 litus
745 1353 961 1399 Thraciae
1005 1354 1323 1413 proficiscuntur
1364 1355 1404 1396 in
1442 1353 1598 1397 Asiam.
1676 1349 1778 1394 Nam
1828 1364 1937 1409 quae
1978 1351 2077 1397 inde
2127 1368 2154 1398 a
2194 1355 2435 1404 Chalcidice

327 1424 557 1479 porrigitur
602 1437 678 1468 ora
718 1433 759 1468 ut
789 1423 1036 1468 difficillima
1076 1426 1131 1466 sit
1164 1422 1280 1466 aditu
1312 1422 1436 1466 efficit
1464 1430 1616 1466 natura
1642 1419 1747 1472 loci,
1788 1434 1878 1465 cum
1909 1422 2116 1468 montibus
2157 1428 2342 1484 proxime
2382 1430 2436 1474 ad

328 1505 442 1536 mare
474 1493 772 1537 accedentibus
805 1494 1077 1551 perexiguum
1109 1494 1284 1549 spatium
1324 1492 1583 1550 relinquatur
1612 1504 1735 1535 orae:
1785 1490 1896 1548 quod
1940 1494 2010 1549 qui
2049 1501 2189 1539 tenent
2226 1509 2316 1541 cum
2355 1500 2438 1543 sint

327 1561 370 1603 in
402 1561 496 1606 loco
531 1570 675 1621 aperto
706 1564 776 1605 vix
804 1561 960 1605 habent
987 1574 1067 1618 quo
1100 1574 1145 1604 se
1177 1570 1370 1605 tueantur
1399 1575 1424 1604 a
1453 1560 1692 1604 Thracibus
1721 1568 1847 1617 gente
1879 1560 2143 1606 validissima
2170 1566 2437 1625 praedaeque

329 1629 613 1687 cupidissima.
693 1632 839 1673 Aenus
877 1637 1013 1674 autem
1051 1632 1093 1672 in
1129 1631 1354 1687 peninsula
1393 1632 1528 1688 posita
1571 1637 1633 1674 est
1670 1629 1798 1686 longe
1835 1631 2085 1687 prominenti
2127 1647 2231 1690 quae
2274 1645 2435 1693 spectat

328 1700 438 1742 inter
470 1698 599 1744 Hebri
634 1702 780 1745 ostium
812 1708 935 1758 atque
960 1702 1093 1743 sinum
1123 1698 1354 1750 Melanem,
1391 1701 1597 1759 tutiorque
1631 1706 1690 1743 est
1720 1699 1775 1741 ab
1806 1696 1982 1741 hostium
2009 1700 2180 1746 incursu
2213 1705 2321 1760 quod
2351 1719 2435 1750 una

328 1773 483 1811 tantum
513 1778 632 1827 parte
664 1770 802 1814 aditur
832 1777 872 1813 et
911 1769 1038 1813 facile
1067 1769 1245 1812 navibus
1283 1769 1531 1813 defenditur.
1593 1769 1638 1812 111
1678 1767 1823 1812 eadem
1857 1766 2073 1813 Thraciae
2115 1780 2230 1829 parte
2265 1783 2436 1831 praeter

327 1839 490 1881 Aenum
530 1840 684 1885 Aeoles
722 1840 1082 1899 Alopeconnesum
1131 1846 1256 1896 atque
1298 1838 1461 1882 Sestum
1504 1837 1778 1882 condiderunt
1823 1837 1865 1879 in
1907 1836 2202 1885 Chersonneso
2245 1841 2435 1890 Thracia

326 1910 508 1964 positas:
560 1924 665 1968 quas
697 1908 843 1954 eodem
874 1908 1053 1953 consilio
1084 1910 1163 1951 sibi
1193 1908 1387 1952 videntur
1413 1907 1656 1951 adiunxisse
1695 1915 1736 1950 ut
1766 1906 1907 1950 facilis
1947 1909 2017 1951 via
2048 1916 2159 1953 esset
2197 1924 2218 1954 e
2250 1912 2433 1959 Graecia

325 1979 625 2034 navigantibus
655 1981 701 2023 in
728 1980 885 2023 Asiam.
947 1978 1039 2031 Quo
1075 1977 1255 2035 denique
1286 1986 1471 2035 tempore
1506 1976 1699 2021 conditae
1724 1977 1807 2019 sint
1835 1976 1917 2019 hae
1941 1976 2065 2021 urbes
2086 1979 2188 2023 nihil
2208 1985 2433 2027 memoriae

326 2047 537 2103 proditur,
569 2046 763 2091 videntur
795 2060 898 2092 vero
931 2060 1014 2091 non
1050 2045 1176 2090 multo
1209 2055 1303 2105 post
1327 2046 1493 2091 Cumam
1513 2054 1757 2102 ceterasque
1784 2046 1916 2089 Asiae
1948 2046 2076 2090 urbes
2109 2048 2301 2091 conditae
2335 2063 2432 2094 esse

324 2115 390 2159 vel
424 2118 548 2160 etiam
574 2115 721 2161 eodem
754 2117 844 2162 fere
874 2124 1072 2174 tempore.

461 2206 547 2249 Iam
577 2205 793 2250 videamus
823 2205 874 2248 de
906 2207 1084 2249 nominis
1107 2205 1294 2261 origine,
1328 2206 1437 2263 quod
1467 2208 1548 2250 nisi
1579 2218 1605 2248 a
1630 2204 1805 2247 Graecis
1834 2205 1900 2247 vix
1923 2205 2088 2248 videtur
2116 2207 2206 2251 dari
2234 2212 2434 2266 potuisse.

325 2275 459 2319 Fuere
493 2276 562 2333 qui
594 2288 620 2318 a
650 2276 745 2319 vino
779 2273 889 2332 quod
920 2276 964 2317 in
1004 2275 1056 2317 iis
1088 2274 1335 2329 regionibus
1367 2277 1516 2333 optime
1548 2275 1738 2333 provenit
1767 2286 1918 2316 nomen
1950 2276 2129 2318 traxisse
2157 2286 2296 2334 putent
2326 2277 2436 2323 Oeni

326 2360 423 2389 mox
453 2354 648 2403 corrupta
681 2345 818 2389 vocali
849 2346 1009 2388 Aenum
1032 2351 1225 2388 vocatam
1257 2359 1361 2389 esse.
1413 2344 1502 2389 Sed
1536 2352 1576 2388 et
1596 2342 1739 2387 Oenoe
1763 2340 1832 2386 vel
1854 2340 1940 2386 tale
1964 2342 2155 2400 quiddam
2176 2345 2435 2405 appellanda

328 2423 442 2466 erat,
487 2422 694 2458 mutantur
726 2418 834 2457 enim
868 2413 974 2457 talia
1008 2415 1041 2456 si
1075 2413 1129 2456 ad
1162 2412 1353 2457 locorum
1382 2417 1553 2457 nomina
1587 2413 1881 2456 traducuntur:
1936 2426 2070 2470 neque
2102 2413 2268 2471 syllaba
2304 2414 2347 2460 οἱ
2378 2421 2435 2462 ita

326 2484 532 2541 corrumpi
566 2482 692 2535 solet,
725 2495 808 2541 qua
839 2496 884 2526 re
917 2482 970 2525 ad
997 2482 1083 2525 alia
1116 2481 1440 2537 confugiendum
1473 2491 1548 2524 est.

461 2574 530 2616 Est
556 2574 700 2616 Aenus
732 2585 849 2615 mons
873 2571 1147 2630 Cephallenes
1170 2570 1231 2626 ²),
1263 2573 1373 2615 unde
1405 2572 1559 2631 Iupiter
1587 2579 1761 2615 vocatur
1781 2571 1983 2613 Aeneius.
2046 2570 2219 2616 Ceteras
2252 2575 2434 2618 eiusdem

324 2644 503 2686 nominis
542 2643 737 2696 regiones
773 2640 1010 2699 Stephanus
1034 2640 1067 2695 3)
1109 2648 1319 2685 recenset:
1374 2642 1481 2684 inter
1526 2655 1631 2698 quas
1672 2643 1813 2698 quinto
1855 2639 1952 2682 loco
2002 2652 2292 2687 commemorat
2328 2658 2430 2700 quae

390 2889 428 2932 1)
449 2886 567 2922 Strah.
592 2889 671 2923 401.
709 2886 813 2923 Paus.
840 2885 908 2927 111;
937 2890 973 2928 2,
1004 2891 1031 2921 1.

386 2959 425 3002 2)
452 2955 562 2992 schol.
586 2955 700 3002 Apoll.
727 2954 778 2997 ll;
819 2957 897 2993 297.

387 3028 426 3071 3)
449 3024 569 3071 Steph.
594 3036 626 3061 v.
656 3024 783 3062 Αἶνος.
