2922 3630
1271 208 1666 254 ——2—

886 323 888 325 .
2242 308 2259 326 Q

410 343 497 387 iani
527 348 714 401 tempore
752 341 878 386 sedes
915 340 1113 384 habuisse
1151 342 1194 383 in
1233 340 1423 384 Boeotia.
1492 339 1542 384 Et
1569 353 1669 400 pars
1703 351 1807 383 sane
1839 337 2135 395 Cadmeorum,
2176 339 2245 400 qui
2276 342 2523 386 arctissimis

408 419 449 457 et
488 411 870 469 consanguinitatis
920 415 961 451 et
992 409 1225 458 ¹societatis
1263 409 1440 452 vinculis
1481 421 1571 452 cum
1608 409 1780 454 Boeotis
1823 410 2033 454 coniuncti
2075 417 2211 465 eraut,
2263 418 2526 454 remanserat

412 495 506 526 cum
538 483 665 526 ceteri
695 479 749 522 ab
781 478 952 535 Argivis
980 478 1080 520 victi
1116 476 1214 520 inde
1245 475 1526 522 discederent.
1599 478 1687 522 Sed
1717 491 1803 522 non
1832 478 1914 522 hoc
1959 477 2058 522 dicit
2100 478 2329 523 Homerus:
2377 486 2420 521 ut
2456 480 2525 537 qui

413 551 601 609 quamvis
630 554 744 592 recte
774 546 984 604 significet
1021 544 1165 590 urbem
1196 545 1370 591 Thebas
1415 543 1565 591 incolis
1603 547 1793 591 caruisse
1833 560 1922 591 cum
1963 546 2018 591 ad
2050 546 2223 592 Troiam
2253 555 2525 606 pugnaretur,

412 621 651 663 universam
682 623 823 659 tamen
852 616 944 658 fere
976 615 1190 658 Boeotiam
1219 617 1261 657 in
1293 616 1543 659 Boeotorum
1571 623 1777 674 potestate
1807 617 1938 660 fuisse
1968 621 2134 659 statuat.
2180 616 2301 670 'Qua
2333 630 2380 661 re
2409 630 2529 662 error

411 689 573 733 videtur
604 699 700 731 csse
735 691 886 745 poetae
918 683 973 726 ad
1004 690 1192 745 tempora
1220 683 1413 729 Troiana
1444 683 1668 730 referentis
1698 698 1806 744 quae
1839 684 1965 731 multo
1998 690 2092 745 post
2122 685 2375 732 acciderunt.

544 765 744 811 Secundo
784 763 881 807 loco
911 763 1151 808 Corinthum
1191 776 1341 824 ponam
1384 776 1505 824 quam
1544 763 1733 809 Velleius
1773 765 1907 810 solam
1948 766 2280 811 commemoravit
2316 764 2526 825 multoque

412 845 510 879 ante
531 851 622 878 eum
644 836 891 890 scriptorem
911 836 1180 877 Aristarchus
1202 834 1467 876 intellexerat
1495 834 1576 876 huc
1596 837 1823 891 pertinere.
1884 836 2023 878 Variis
2041 835 2278 887 nominibus
2298 838 2527 894 antiquitus

414 906 567 949 dicitur
609 903 825 960 appellata
875 919 970 947 esse
1012 903 1253 947 Corinthus:
1313 901 1548 960 Heliopolis
1585 903 1725 959 Pagus
1766 903 1933 961 Ephyre
1974 912 2185 962 postremo
2227 904 2450 949 Corinthus
2473 906 2524 960 ¹).

412 975 567 1019 Ferunt
591 971 735 1017 Solem
767 972 992 1030 aliquando
1033 974 1076 1015 in
1115 971 1196 1015 hac
1235 973 1414 1027 regione
1453 985 1658 1028 regnasse
1698 980 1824 1029 atque
1864 974 1987 1015 etiam
2029 987 2117 1017 cum
2149 973 2338 1031 Neptuno
2381 974 2434 1016 de
2476 989 2525 1019 eo

414 1057 548 1099 regno
582 1041 862 1099 disceptasse,
903 1042 1079 1086 Briareo
1107 1040 1270 1085 arbitro
1293 1041 1353 1097 2);
1398 1040 1477 1083 huc
1511 1049 1674 1098 spectat
1702 1055 1852 1085 nomen
1883 1041 1984 1084 illud
2015 1041 2247 1099 Heliopolis
2275 1043 2386 1099 quod
2416 1043 2527 1086 haud

414 1112 503 1156 scio
528 1124 582 1155 au
615 1123 821 1165 nunquam
858 1111 900 1153 in
939 1122 1016 1153 ora
1047 1108 1251 1153 hominum
1282 1110 1454 1153 venerit.
1519 1108 1566 1153 ln
1602 1100 1758 1153 fabulis
1798 1109 1906 1152 enim
1943 1107 2139 1166 Ephyren
2180 1110 2320 1154 solent
2358 1125 2526 1155 vocare.

412 1181 550 1238 Atque
581 1178 663 1223 hoc
693 1191 842 1221 nomen
874 1177 927 1220 ab
959 1176 1128 1234 Ephyra
1158 1176 1338 1234 quadam
1371 1178 1468 1222 urbs
1498 1178 1631 1222 fertur
1661 1177 1864 1221 traxisse:
1915 1189 2037 1234 quam
2067 1183 2107 1221 ut
2136 1177 2304 1223 videtur
2336 1180 2527 1225 Eumelus

413 1251 484 1307 qui
513 1252 604 1307 ipse
633 1247 868 1291 Corinthius
901 1247 996 1297 suit,
1029 1245 1192 1289 Oceani
1225 1245 1493 1304 Thetyosque
1524 1246 1650 1290 filiam
1682 1259 1775 1290 esse
1809 1246 1909 1289 dixit
1939 1258 2191 1302 uxoremque
2214 1247 2440 1306 Epimethei
2465 1248 2526 1304 ³):

413 1315 557 1361 Solem
594 1314 748 1358 deinde
781 1314 1011 1368 narrant⁴)
1042 1314 1139 1358 filiis
1171 1317 1258 1358 suis
1280 1318 1440 1358 Aeetae
1463 1315 1745 1373 Ephyraeam‚
1776 1314 1912 1359 Aloeo
1935 1315 2135 1371 Asopiam
2158 1314 2348 1369 dedisse,
2380 1326 2526 1376 postea

413 1386 539 1430 Aloei
571 1383 697 1428 filium
729 1383 939 1441 Epopeum
969 1383 1194 1441 Ephyraea
1227 1398 1390 1441 quoque
1421 1385 1591 1441 potitum
1624 1398 1744 1427 esse:
1797 1382 1918 1426 huius
1949 1396 2050 1425 vero
2082 1381 2206 1427 filium
2234 1385 2527 1430 Marathonem

414 1458 563 1501 iterum
591 1453 690 1498 filiis
723 1453 886 1498 duobus
918 1466 1090 1509 regnum
1120 1451 1345 1511 reliquisse
1376 1453 1550 1511 Sicyoni
1583 1453 1805 1512 Asopi-am,
1848 1450 2047 1497 Corintho
2077 1451 2358 1511 Ephyraeam:
2402 1462 2526 1513 atque

414 1525 495 1570 hoc
530 1522 655 1568 modo
695 1523 850 1568 factum
888 1537 983 1566 esse
1022 1529 1064 1566 ut
1108 1522 1330 1567 Corinthus
1370 1523 1655 1581 appellaretur
1701 1536 1808 1581 quae
1850 1529 1984 1566 antea'
2014 1522 2162 1567 fuisset
2205 1523 2393 1582 Ephyre:
2448 1532 2528 1568 tum

416 1593 614 1639 Corintho
643 1600 803 1636 mortue
833 1592 1031 1636 Medeam
1061 1592 1219 1636 Aeetae
1255 1592 1382 1636 filiam
1413 1595 1655 1636 arcessitam
1697 1606 1791 1637 esse
1831 1593 1873 1635 in
1912 1605 2087 1648 regnum
2128 1600 2370 1651 paternum:
2420 1594 2529 1638 hanc

416 1664 596 1720 denique
624 1661 826 1706 Corintho
858 1661 1078 1705 abeuntem
1109 1661 1296 1718 Sisypho
1327 1669 1368 1704 et
1397 1662 1537 1704 urbem
1568 1669 1609 1704 et
1637 1675 1811 1718 regnum
1839 1661 2081 1705 tradidisse.

551 1740 668 1784 Satis
701 1747 814 1798 patet
845 1754 926 1783 non
956 1739 1175 1783 admodum
1207 1739 1484 1798 probabiliter
1504 1739 1610 1783 haec
1639 1740 1730 1783 ficta
1761 1753 1855 1783 esse
1885 1746 1955 1782 aut
1972 1741 2111 1783 omnia
2143 1748 2214 1784 aut
2244 1749 2355 1786 certe
2385 1741 2528 1799 plera-

417 1824 512 1868 que.
570 1808 743 1855 videtur
771 1810 877 1851 enim
907 1810 1050 1852 nescio
1084 1808 1176 1865 quis
1207 1808 1362 1866 priscis
1390 1807 1541 1852 sabulis
1570 1807 1787 1852 addidisse
1820 1806 2060 1851 Corinthum
2087 1808 2201 1853 illum
2234 1824 2355 1868 quem
2382 1809 2532 1853 Mara-

414 1879 553 1923 thonis
590 1876 718 1922 filium
754 1891 854 1922 esse
887 1876 1049 1930 volunt,
1101 1879 1321 1921 notissimo
1360 1876 1436 1922 illo
1477 1876 1714 1934 explicandi
1756 1875 1934 1920 artificio
1976 1884 2017 1921 ut
2057 1879 2239 1935 antiquis
2275 1878 2530 1938 temporibus

417 1949 548 1994 fuisse
578 1947 737 1992 diceret
766 1960 877 2006 quae
911 1947 1035 1991 aliter
1063 1952 1134 1990 aut
1160 1944 1293 1989 nollet
1323 1946 1532 2005 explicare
1560 1953 1630 1991 aut
1662 1958 1748 1990 non
1776 1952 1931 2004 posset.
2001 1944 2095 2000 Qua
2131 1947 2175 1992 in
2203 1962 2251 1992 re
2284 1962 2427 1994 eorum
2459 1948 2529 2005 qui

416 2017 585 2062 tabulas
626 2016 907 2061 narraverunt
940 2029 1061 2060 nemo
1088 2028 1194 2059 veum
1232 2023 1399 2061 secutus
1439 2024 1509 2061 est.
1578 2015 1651 2060 Est
1694 2017 1803 2059 enim
1841 2016 1884 2059 in
1925 2015 2081 2060 sabulis
2121 2017 2367 2076 Sisyphum,
2410 2029 2530 2074 quem

418 2086 489 2130 ille
519 2086 645 2131 multo
683 2093 778 2144 post
809 2085 1047 2129 Corinthum
1088 2095 1298 2140 regnasse
1342 2084 1463 2137 dixit,
1501 2092 1541 2129 et
1580 2086 1649 2143 qui
1691 2097 1827 2141 genus
1867 2083 2024 2133 ducunt
2059 2098 2085 2129 a
2117 2084 2299 2144 Sisypho
2323 2083 2530 2143 Ephyrae

419 2157 569 2200 vixisse
597 2168 682 2199 non
709 2154 912 2213 Corinthi.
972 2154 1032 2198 lta
1058 2152 1264 2198 Homerus
1293 2167 1457 2213 quoque
1487 2153 1539 2199 de
1570 2150 1731 2211 genere
1751 2167 1827 2198 suo
1854 2153 2167 2213 praedicantem
2196 2155 2298 2199 fecit
2318 2154 2529 2199 Glaucum.

421 2222 515 2276 Qua
546 2224 598 2267 de
631 2237 762 2268 causa
790 2226 939 2268 nescio
969 2238 1023 2267 an
1060 2223 1207 2267 melius
1245 2223 1428 2269 Velleius
1465 2224 1575 2268 dicat
1608 2222 1848 2268 Corinthum
1888 2223 1944 2266 ab
1978 2224 2102 2268 Alete
2141 2223 2304 2268 demum
2342 2222 2531 2282 Hippot-is

419 2291 506 2336 filio
535 2292 741 2337 conditam
773 2307 868 2336 esse
901 2300 941 2336 et
968 2292 1240 2351 appellatam:
1280 2292 1432 2337 Aleten
1456 2307 1557 2338 vero
1588 2293 1754 2350 reliqua
1776 2291 2068 2350 Peloponneso
2099 2308 2126 2338 a
2146 2294 2331 2339 Doribus
2354 2292 2532 2337 subacta

421 2374 513 2406 cum
553 2363 638 2406 suis
680 2361 736 2405 ad
778 2361 964 2406 Isthmum
1008 2364 1180 2407 venisse
1220 2360 1435 2422 pulsisque
1472 2364 1541 2421 qui
1583 2362 1643 2407 ibi
1687 2360 1939 2407 habitabant
1976 2362 2183 2408 Aeolibus
2221 2364 2332 2409 hanc
2367 2374 2532 2420 quoque

418 2431 638 2489 regionem
674 2434 718 2476 in
762 2432 913 2477 Dorum
952 2433 1151 2477 ditionem
1180 2432 1403 2490 redegisse
1425 2433 1479 2489 ⁵).
1555 2434 1692 2491 Atque
1727 2431 1808 2477 hoc
1844 2433 1973 2491 ipsum
2004 2431 2208 2479 Homerus
2247 2445 2412 2492 quoque
2449 2444 2534 2476 non

421 2500 604 2544 obscure
631 2501 906 2556 significavit:
957 2501 1159 2546 Glaucum
1198 2504 1306 2545 enim
1334 2505 1403 2561 qui
1437 2517 1488 2547 ea
1519 2510 1657 2547 aetate
1684 2504 1843 2547 vixisse
1874 2501 2082 2559 putandus
2126 2510 2190 2547 est
2231 2516 2313 2560 qua
2345 2502 2534 2546 Corinthi

420 2580 573 2613 nomen
598 2567 775 2612 nondum
804 2568 986 2613 auditum
1020 2579 1112 2615 erat
1143 2570 1331 2630 Ephyres
1364 2573 1530 2616 nomine
1560 2578 1741 2616 utentem
1772 2571 1895 2624 facit,
1924 2572 2017 2628 ipse
2050 2586 2153 2616 vero
2181 2571 2419 2617 Corinthum
2450 2584 2535 2615 non

497 2752 537 2794 1)
563 2752 687 2799 steph.
712 2751 965 2793 “Η).ιούπολι,·.
997 2755 1205 2804 Κόρινθος.
1252 2753 1351 2791 Eut.
1378 2755 1418 2791 ll.
1444 2755 1470 2790 Β
1497 2757 1577 2793 570.

496 2806 538 2850 2)
564 2808 666 2845 Paus.
696 2809 749 2850 ll;
790 2819 819 2852 1,
842 2816 876 2848 6.

495 2865 535 2909 3)
560 2862 662 2905 Palu.
682 2866 734 2909 il;
772 2874 806 2906 1.
834 2875 864 2905 1.
901 2867 1013 2904 schol.
1043 2868 1106 2915 Ap.
1133 2867 1197 2912 1V;
1236 2874 1325 2907 1212
1350 2869 1393 2910 cs.
1427 2868 1548 2905 Hecat.
1575 2873 1631 2908 90.
1659 2877 1717 2914 ap.
1743 2866 1863 2915 Stepli.
1891 2867 2101 2917 Κόρινθος.

494 2922 538 2967 4)
559 2919 667 2959 vaus.
687 2922 739 2969 ll;
775 2931 817 2968 a,
843 2929 875 2963 8.

493 2980 530 3021 5)
558 2978 603 3014 clf.
631 2977 673 3013 0·
706 2977 803 3017 ΜῙΙΙΙ.
831 2981 916 3017 Dor.
942 2982 977 3026 13
1013 2984 1070 3019 88.
