2922 3630
1151 275 1545 324 -5-

290 407 636 467 significationis,
666 412 711 452 nt
740 417 870 465 saepe
900 405 942 451 fit
968 406 1012 451 in
1034 404 1211 457 talibus,
1242 404 1348 451 abiit
1376 419 1430 450 ea
1454 421 1535 451 vox
1563 408 1608 452 in
1627 403 1820 452 meridiei
1841 403 2117 458 vocabulum,
2145 404 2396 452 notissimum

289 477 393 523 illnd
413 475 583 538 quidem
610 474 687 519 sed
715 473 798 518 hac
827 476 873 518 in
900 487 948 517 re
971 475 1078 523 satis
1093 474 1285 534 ineptum.
1346 474 1452 519 Sunt
1474 474 1584 518 aliae
1604 487 1768 535 quoque
1786 475 1914 520 urbes
1936 475 2128 522 similiter
2145 473 2396 534 appellatae.

291 547 339 597 ln
365 544 622 605 Propontide
651 551 716 589 est
742 542 981 600 Selymbria
1009 546 1100 588 sive
1130 544 1270 602 Selyis
1303 543 1405 590 urbs
1439 557 1562 602 quam
1590 560 1667 589 nos
1694 546 1870 590 Silivria
1898 559 2121 591 vocamus:
2173 550 2236 587 est
2264 542 2397 586 altera

291 611 748 675 quoqneMesembria
779 625 802 658 e
828 614 1004 670 reg-ione
1037 611 1334 660 Samothraces
1369 614 1450 659 sita
1490 614 1535 658 in
1575 628 1652 659 ora
1689 614 1922 671 Thraciae,
1963 630 2040 675 per
2078 627 2201 673 qnam
2232 609 2397 655 Xerxes

291 687 373 731 iter
407 681 571 740 recit1)
612 695 703 728 cnm
733 681 911 728 Graecis
951 680 1106 728 bellum
1137 684 1336 730 inferret:
1385 689 1481 728 sunt
1518 682 1699 743 denique
1739 683 1927 729 Galabrii
1966 698 2068 744 pars
2103 680 2399 728 Dardanorum

292 756 364 814 qui
400 755 446 799 in
482 755 682 799 interiore
716 760 836 812 parte
875 751 1090 797 Thraciae
1130 754 1258 799 sedes
1295 752 1508 799 habebant
1547 767 1677 812 prope
1720 752 1855 797 fontes
1902 754 2086 799 Drilonis
2108 753 2159 809 2).
2234 751 2399 795 Scimus

293 823 406 883 apud
447 822 587 869 Celtas
625 835 789 881 quoque
827 822 1021 880 magnum
1054 823 1235 867 inveniri
1282 835 1496 868 numerum
1532 821 1696 867 urbium
1739 834 1909 880 quorum
1947 825 2118 869 nomina
2159 820 2317 867 cadant
2356 821 2401 863 in

293 891 487 950 syllabas
527 892 667 949 briga.
739 889 914 935 Videtur
961 904 1043 937 vox
1078 904 1221 937 earum
1260 893 1445 949 gentium
1482 892 1639 949 linguis
1684 890 1831 936 urbem
1869 889 1940 934 vel
1975 893 2108 936 vicum
2146 889 2400 949 significare.

294 962 416 1015 Quae
448 961 672 1006 similitudo
705 966 745 1003 et
774 973 801 1004 a
831 968 1000 1005 nostrae
1035 963 1186 1006 aetatis
1222 962 1323 1006 viris
1364 959 1499 1005 doctis
1540 967 1684 1006 notata
1731 966 1794 1005 est
1832 972 1969 1017 neque
2004 959 2253 1018 Stephanum
2293 957 2403 1015 fugit

296 1029 570 1088 Byzantinum
610 1030 681 1086 qui
723 1028 790 1072 bis
812 1026 848 1084 ³>
885 1029 1116 1089 Hispaniae
1154 1030 1281 1076 urbes
1317 1030 1572 1090 comparavit
1611 1042 1703 1074 cum
1739 1028 1805 1073 his
1836 1028 2086 1073 nominibus.
2152 1028 2275 1083 Quod
2304 1039 2403 1072 num

294 1107 408 1143 recte
436 1099 508 1142 fiat
537 1112 593 1141 an
626 1111 748 1142 secus
776 1111 886 1142 nunc
914 1112 998 1143 non
1026 1112 1140 1142 curo.

430 1167 548 1211 Patet
577 1165 890 1224 Poltymbriam.
911 1167 1055 1211 urbem
1096 1181 1191 1212 esse
1224 1166 1403 1225 Poltyis,
1440 1165 1616 1225 Neptuni
1658 1165 1730 1210 filii
1771 1172 1811 1210 ut
1841 1165 1998 1210 serunt:
2039 1179 2158 1223 quem
2195 1165 2401 1209 hominem

295 1248 392 1279 esse
422 1234 653 1279 barbarum
684 1242 725 1280 et
752 1227 904 1281 nomen
936 1238 1078 1294 arguit
1110 1244 1151 1281 et
1177 1236 1323 1281 iudicii
1361 1243 1403 1282 ut
1438 1237 1498 1280 ita
1533 1235 1668 1280 dicam
1710 1235 1883 1281 stultitia
1922 1236 2084 1281 videtur
2113 1233 2403 1292 comprobare.

294 1302 433 1362 Rapta
461 1304 569 1348 enim
596 1302 761 1349 Helena
792 1319 882 1349 cum
909 1313 997 1349 tota
1018 1305 1202 1350 Graecia
1222 1306 1443 1351 iracundia
1469 1306 1716 1356 exarsisset,
1750 1303 1955 1350 Troianis
1978 1311 2220 1349 constanter
2239 1316 2400 1358 negan-

295 1371 407 1416 tibus
437 1385 485 1416 se
516 1373 810 1418 satisfacturos
843 1387 940 1418 esse
969 1374 1190 1420 Menelaot
1239 1374 1497 1418 factumest
1539 1380 1582 1418 nt
1617 1372 1713 1417 dum
1742 1373 1896 1418 bellum
1936 1373 1989 1418 ab
2032 1375 2213 1430 utrisque
2245 1383 2403 1415 summa

295 1442 444 1485 virium
495 1444 758 1487 contentione
797 1451 973 1502 paratur
1022 1444 1153 1501 legati
1190 1444 1348 1489 Aenum
1400 1442 1455 1488 ad
1496 1442 1679 1500 Poltyem
1722 1444 1917 1488 venirent
1957 1450 1997 1488 et
2043 1441 2322 1488 Troianorum
2362 1446 2404 1484 et

297 1509 563 1556 Graecorum.
633 1510 796 1565 Quibus
826 1512 900 1556 ille
931 1519 975 1557 ut
1007 1511 1160 1557 bellum
1200 1512 1311 1571 quod
1348 1514 1430 1558 iam
1458 1512 1697 1557 imminebat
1727 1519 1993 1572 componeret
2028 1511 2249 1568 benignius
2281 1521 2404 1568 quam

272 1600 276 1606 ·
297 1578 488 1622 subtilius
517 1580 735 1639 respondit
757 1580 862 1624 duas
890 1595 938 1624 se
960 1581 1157 1640 pulchras
1178 1582 1355 1625 seminas
1375 1581 1620 1627 Alexandro
1642 1582 1829 1626 daturum
1862 1583 1898 1624 si
1927 1583 1965 1625 is
1987 1580 2184 1624 Helenam
2206 1578 2403 1624 Menelao

296 1646 557 1692 reddidisset
577 1649 637 1706 ⁴),
678 1651 802 1708 quasi
841 1650 1007 1694 feminis
1037 1658 1186 1709 egeret
1223 1653 1288 1695 cui
1320 1653 1414 1711 ipsa
1448 1650 1589 1695 Venus
1618 1651 1791 1696 faveret.
1860 1650 1956 1704 Qua
1992 1652 2035 1693 in
2074 1664 2119 1693 re
2157 1651 2233 1693 etsi
2272 1648 2403 1704 longe

297 1716 405 1760 afuit
435 1729 463 1759 a
492 1716 749 1763 Graecorum
778 1718 993 1777 elegantia
1020 1727 1060 1763 et
1086 1728 1304 1765 venustate
1332 1722 1452 1765 homo
1482 1723 1683 1773 rusticus,
1714 1720 1842 1764 habet
1872 1727 2012 1763 tamen
2032 1719 2236 1777 quandam
2269 1716 2403 1760 bene-

296 1786 524 1831 volentiam
553 1795 678 1846 atque
708 1789 1029 1846 benignitatem,
1066 1802 1149 1848 qua
1178 1791 1364 1834 caruisse
1394 1789 1547 1835 dicitur
1578 1791 1709 1835 frater
1747 1792 1836 1835 eius
1869 1788 2103 1848 Sarpedon.
2169 1786 2272 1830 Nam
2313 1798 2403 1829 cnm

296 1855 500 1904 Hercules
528 1856 811 1901 Amazonibus
840 1860 962 1902 victis
989 1860 1034 1902 in
1065 1859 1286 1904 Graeciam
1313 1864 1542 1902 reverteret
1575 1868 1698 1918 atque
1728 1860 1773 1902 in
1797 1858 1907 1902 hanc
1938 1871 2052 1901 oram
2082 1855 2243 1900 delatus
2276 1859 2402 1904 esset,

295 1925 439 1983 Poltys
467 1938 559 1969 eum
587 1925 769 1985 hospitio
801 1929 983 1987 excepit,
1027 1927 1255 1987 Sarpedon
1292 1941 1389 1972 vero
1429 1935 1547 1973 tanta
1577 1930 1701 1973 animi
1734 1927 1936 1987 superbia
1976 1941 2022 1971 se
2052 1928 2184 1985 gessit
2215 1932 2257 1969 ut
2289 1923 2403 1970 lovis

294 1993 403 2040 filius
433 1996 565 2038 iratus
596 2009 688 2040 eum
716 1998 882 2053 sagittis
912 2004 1096 2042 necaret.
1154 1995 1274 2041 Haec
1302 1996 1581 2054 Apollodorus
1606 1999 1643 2056 5)
1677 1998 1863 2042 narravit
1894 1998 1963 2054 qui
1994 2010 2082 2039 cum
2112 1993 2402 2039 conscriberet

294 2064 446 2107 librum
477 2076 619 2115 sunm,
649 2066 811 2108 Aenum
841 2079 950 2123 quae
980 2066 1080 2110 urbs
1108 2066 1185 2110 fuit
1214 2065 1370 2123 Poltyis
1399 2069 1540 2126 prisco
1569 2068 1736 2111 nomine
1765 2065 2046 2123 Poltyobriam
2069 2064 2232 2108 videtur
2251 2059 2403 2121 appel-

293 2133 423 2177 lasse.
491 2134 615 2184 Nam,
653 2135 737 2176 nisi
778 2134 927 2189 fallor,
981 2135 1222 2194 Stephanus
1245 2135 1286 2193 ⁶)
1328 2150 1414 2179 cum
1456 2136 1705 2196 Apollodori
1743 2136 1893 2179 librum
1932 2134 2092 2190 legeret
2132 2134 2211 2177 hoc
2248 2144 2403 2175 nomen

293 2202 475 2248 invenit:
530 2203 573 2246 in
603 2203 758 2247 nostris
786 2202 907 2248 libris
936 2204 1039 2249 nihil
1070 2204 1271 2250 babemus
1300 2208 1382 2250 nisi
1410 2207 1585 2251 Aenum.
1643 2206 1847 2250 Videntur
1874 2207 1998 2263 igitur
2026 2219 2076 2248 ex
2105 2217 2185 2261 quo
2217 2200 2402 2259 Stepha-

291 2286 370 2317 nus
397 2285 496 2338 usus
528 2279 591 2316 est
630 2272 710 2317 hoc
748 2272 845 2318 loco
882 2279 1038 2317 mutata
1072 2287 1169 2318 esse
1207 2274 1337 2320 verba
1364 2275 1631 2334 Apollodori.
1701 2273 1781 2318 Vix
1817 2277 1924 2319 enim
1956 2272 2204 2318 crediderim
2241 2272 2285 2315 in
2313 2269 2399 2314 alio

289 2343 399 2387 libro
430 2340 731 2400 Apollodorum
763 2340 1046 2399 Poltyobriam
1079 2341 1282 2389 dicturum
1313 2344 1466 2399 fuisse,
1509 2347 1546 2390 si
1577 2344 1645 2390 hic
1677 2344 1839 2389 Aenum
1872 2350 2061 2390 vocasset
2083 2340 2133 2397 ⁷).
2203 2338 2288 2386 Sed
2319 2339 2397 2385 hoc

287 2425 408 2472 nunc·
425 2413 537 2455 mitto
566 2409 774 2455 rediturus
806 2411 861 2455 ad
891 2425 1025 2456 meam
1057 2411 1388 2471 disputationem.

355 2597 394 2643 1)
418 2594 500 2631 Her.
527 2593 608 2637 vn;
649 2597 724 2631 108.

356 2654 398 2699 2)
422 2652 542 2688 Strab.
574 2655 652 2690 319.
686 2654 766 2688 316.
803 2650 925 2697 Steph.
960 2658 1210 2703 Ινῐεσημβρία.
1248 2657 1484 2704 Σηλυμβρία.
1544 2655 1717 2705 Olybriae
1751 2665 1893 2704 qnoque
1919 2664 2043 2690 nomen
2075 2652 2184 2689 habet
2207 2650 2331 2688 Suidas
2357 2662 2389 2687 v.

420 2706 657 2755 Ἐπιφάνιος,

351 2767 393 2813 3)
415 2764 537 2812 steph.
563 2767 780 2813 Τενέβριον.
808 2769 1060 2814 Βρουτοβρία.

351 2823 396 2871 4)
421 2822 513 2859 Plut.
533 2833 609 2868 reg.
634 2825 679 2858 et.
704 2822 786 2868 imp.
810 2821 978 2869 apophth.

348 2884 385 2925 5)
410 2878 459 2924 ll;
496 2880 538 2920 5,
563 2880 598 2915 9.

345 2939 388 2985 6)
411 2950 444 2974 v.
468 2937 597 2976 Αἶνος.

349 2997 392 3041 7)
416 2995 578 3031 Ceterum
601 3006 673 3030 non
698 2999 753 3031 est
778 2995 920 3030 dubium
956 2996 1041 3040 quIn
1078 2994 1250 3040 Stephani
1281 3004 1423 3042 quoque
1453 2995 1566 3030 verba
1602 2998 1736 3031 mutata
1768 2998 1862 3034 sint:
1911 3005 1991 3031 nam
2023 3002 2114 3041 quae
2150 2993 2275 3027 ultimo
2312 2991 2388 3027 sere

404 3053 485 3090 loco
517 3054 705 3101 leguntur:
750 3051 888 3098 ταύτην
933 3049 1223 3101 Ἀπολλόδωρός
1257 3062 1376 3099 φησιν
1421 3049 1654 3100 ὠνομάσθαι
1688 3057 1960 3102 Πολτυοβρίαν
1998 3062 2072 3087 cum
2119 3050 2161 3086 de
2194 3049 2297 3086 Aeno
2344 3049 2390 3085 ad
