2922 3630
1278 212 1674 258 --8--

429 349 709 394 Romanorum
738 348 775 394 si
807 338 878 406 qui
907 351 1002 392 sunt
1028 343 1328 391 accuratiores.
1384 342 1450 390 lta
1478 341 1639 390 Plinius
1673 356 1796 402 quem
1816 349 1937 390 certe
1978 358 2064 391 non
2094 342 2262 403 ingerat
2296 344 2407 392 haec
2422 347 2550 400 *fama

428 418 503 465 ubi
533 417 587 465 de
624 418 744 464 Aeno
772 414 909 462 verba
935 410 1097 472 fecit1)
1125 413 1261 461 noluit
1302 411 1465 461 addere
1504 412 1559 460 ab
1595 412 1753 460 Aenea
1787 411 1999 472 conditam
2036 429 2133 461 esse
2170 414 2350 468 urbem,
2369 415 2548 462 Servius

430 494 567 535 autem
585 486 623 540 ²)
657 485 808 532 multos
842 486 904 531 ita
949 497 1130 531 narrare
1173 482 1278 530 dixit
1311 481 1619 542 significaturus
1656 480 1739 529 sihi
1774 480 1901 530 aliter
1934 482 2083 531 videri.
2155 482 2405 532 (lautissime
2440 500 2546 532 vero

429 559 543 604 hanc
573 570 660 602 rem
687 555 905 612 Vergilius
934 555 1096 612 attigit,
1136 560 1265 613 poeta
1301 553 1450 599 doctus
1480 560 1765 610 accurataque
1807 551 1990 598 imImtiis
2028 550 2264 599 fabularum
2292 556 2548 612 cognitione.

429 628 535 673 Nam
565 637 656 670 cum
685 624 862 670 deberet
886 626 1139 669 mentionem
1167 623 1313 669 facere
1344 622 1409 667 rei
1440 622 1547 665 inter
1583 619 1810 682 populares
1839 618 2040 679 vulgatae
2079 619 2219 667 locum
2257 624 2426 683 quidem
2463 639 2546 686 quo

432 697 533 742 urbs
566 696 651 738 sita
688 701 752 738 est
781 694 1039 750 significavit
1068 695 1175 737 satis
1205 692 1410 741 obscure,
1454 703 1604 733 nomen
1641 704 1743 734 vero
1773 688 1938 733 addidit
1975 690 2170 733 Aeneae..
2226 692 2348 739 Facit
2383 697 2491 741 enin
2512 696 2548 751 ³)

432 767 623 812 Aeneam
654 761 914 820 loquentem:
974 762 1286 818 Aeneadasque
1315 773 1410 804 meo
1440 773 1590 804 nomen
1631 757 1686 802 de
1726 759 1895 804 nomine
1928 758 2057 815 fingo.
2124 758 2215 803 Hoc
2257 766 2367 809 euim
2404 766 2549 810 Aene-

432 834 607 880 adarum
645 833 812 877 nomine
850 843 936 877 nou
979 831 1141 877 Aenum
1183 829 1285 874 dixit
1322 828 1440 874 cuius
1484 826 1653 873 incolae
1691 826 1817 873 Aenii
1840 826 1878 882 ⁴)
1915 835 2033 879 sunt,
2076 826 2154 871 sed
2192 829 2382 875 Aeneam
2425 847 2549 891 quam

432 904 687 948 Graecorum
726 912 893 958 quoque
932 898 1122 945 nonnulli
1165 896 1291 943 simili
1333 898 1498 943 nomine
1541 895 1862 955 appellaverunt
1879 895 1926 949 ⁵).
1997 896 2173 943 Videtur
2210 900 2421 954 Vergilius
2458 915 2550 946 cnm

433 974 559 1018 sciret
591 970 784 1014 Aeneam
813 968 956 1014 urbem
986 972 1158 1013 Aeneae
1189 979 1284 1012 esse
1315 980 1399 1014 non
1430 967 1612 1020 Aenum,
1653 965 1840 1012 voluisse
1880 963 2013 1011 verba
2041 964 2187 1011 facere
2216 965 2468 1014 obscuriora
2493 985 2549 1015 ne

434 1048 504 1087 aut
531 1037 701 1084 silentio
732 1039 933 1082 transiret
963 1049 1071 1095 qnae
1101 1035 1242 1081 multis
1272 1036 1512 1081 viderentur
1549 1049 1646 1082 esse
1679 1049 1786 1082 vera
1823 1041 1896 1081 ant
1936 1049 2082 1081 verum
2122 1033 2300 1081 dicendo
2343 1035 2549 1083 adversa—

433 1118 549 1156 retur
575 1106 741 1165 vulgari
772 1106 972 1165 opinioni.
1033 1104 1197 1159 Quodsi
1229 1106 1406 1157 erravit,
1436 1107 1576 1151 sciens
1605 1105 1772 1151 videtur
1799 1118 1967 1151 errasse
2008 1112 2133 1164 atque
2165 1111 2340 1151 coactus
2370 1106 2551 1165 quodam

433 1179 557 1225 modo
587 1176 766 1221 aliorum
797 1177 929 1220 errori
962 1174 1182 1218 addidisse
1216 1188 1333 1219 suum
1354 1174 1411 1234 ⁶).
1466 1175 1587 1221 Patet
1609 1188 1712 1221 vero
1742 1176 1787 1219 in
1815 1174 1881 1219 his
1903 1173 2062 1220 fabulis
2085 1174 2189 1220 nihil
2213 1176 2355 1220 inesse
2386 1189 2439 1221 ex
2466 1190 2549 1236 quo

435 1266 510 1296 cur
539 1262 692 1293 nomen
722 1245 842 1291 urbis
876 1251 1069 1288 mutatum
1100 1245 1154 1286 sit
1183 1243 1495 1300 intellegamus:
1557 1259 1688 1303 quare
1719 1244 1776 1288 ad
1804 1257 1940 1288 rerum
1969 1245 2198 1304 scriptores
2227 1247 2445 1305 pervenio.

573 1317 664 1361 Fuit
699 1316 842 1359 Aenus
872 1311 974 1358 urbs
1005 1310 1185 1356 Aeolum
1208 1311 1258 1367 ⁷).
1320 1313 1422 1357 Eam
1450 1316 1569 1373 primi
1589 1313 1914 1374 Alopeconnesii
1943 1312 2136 1359 dicuntur
2164 1313 2428 1370 condidisse,
2457 1324 2553 1376 post

435 1387 599 1434 colonis
640 1385 811 1429 auxisse
859 1391 981 1441 atque
1023 1381 1211 1426 firmasse
1252 1381 1473 1439 Mitylenai
1521 1392 1648 1442 atque
1691 1384 1886 1428 Cumani:
1943 1398 2067 1442 quam
2117 1384 2172 1428 ob
2214 1398 2304 1428 rem
2345 1385 2551 1444 Scymnus

433 1457 804 1516 Mitylenaeornm‚
845 1451 1081 1511 Stephanus
1120 1452 1417 1504 Cumanorum,
1457 1452 1612 1497 Strabo
1649 1460 1916 1510 utrorumque
1957 1453 2151 1497 dixerunt
2188 1467 2283 1497 esse
2311 1456 2473 1500 Aenum
2496 1456 2550 1512 ⁸).

438 1530 609 1573 Constat
647 1537 750 1569 vero
800 1519 955 1565 Aeoles
1008 1534 1099 1563 cum
1148 1521 1192 1562 in
1233 1520 1381 1562 Asiam
1418 1522 1781 1578 proficiscerentur
1826 1535 1912 1565 non
1960 1528 2079 1565 recta
2115 1524 2399 1568 transmisisse
2433 1538 2549 1569 mare

434 1599 652 1653 Aegaeum
684 1591 761 1636 sed
802 1589 873 1634 din
904 1588 1151 1646 multumque
1186 1601 1355 1631 errasse
1398 1597 1614 1648 postquam
1649 1605 1672 1635 e
1710 1590 1896 1633 Graecia
1938 1589 2247 1636 discesserunt:
2299 1605 2549 1652 quamquam

435 1663 662 1722 ambigitur
693 1660 746 1705 de
776 1661 847 1705 via
885 1673 967 1717 qna
1003 1672 1050 1703 se
1094 1657 1348 1703 contulerint
1384 1659 1428 1702 in
1455 1659 1612 1704 Asiam.
1678 1658 1786 1703 Nam
1824 1672 1916 1703 cnm
1949 1659 2104 1705 Strabo
2142 1661 2262 1715 (582)
2301 1660 2414 1706 dicat
2442 1662 2551 1707 Pen-

434 1734 576 1779 thilum
604 1730 769 1775 Orestis
795 1728 920 1772 filium
952 1726 1141 1771 Thracia
1169 1734 1291 1771 tenus
1318 1740 1587 1785 progressum
1631 1742 1725 1773 esse
1750 1728 2006 1785 (προελθεῖν
2044 1726 2169 1786 μέχρι
2199 1728 2411 1790 Θρᾴκης),
2456 1731 2550 1776 fue-

434 1809 530 1850 runt
569 1801 640 1859 qui
683 1805 878 1857 putarent
912 1796 1089 1856 pedibus
1138 1810 1215 1854 per
1257 1794 1481 1840 Thraciam
1527 1798 1609 1840 iter
1659 1796 1813 1841 fecisse
1856 1796 2048 1841 Graecos
2091 1796 2281 1843 homines
2318 1799 2551 1858 navigandi

435 1871 730 1934 peritissimos.
789 1866 883 1912 Hoc
915 1880 1002 1911 cum
1033 1880 1118 1910 non
1148 1866 1330 1924 potuerit
1360 1865 1470 1919 fieri,
1507 1865 1581 1910 alii
1612 1879 1698 1909 non
1728 1877 1819 1909 eam
1852 1862 2079 1910 Thraciam
2107 1867 2402 1913 intellexerunt
2428 1883 2551 1928 quam

436 1944 619 1989 solemus
649 1951 829 1991 vocare,
874 1936 948 1981 sed
980 1934 1078 1979 illos
1125 1935 1319 1979 Thraces
1349 1937 1418 1993 qui
1451 1933 1681 1993 aliquando
1712 1934 1755 1976 in
1791 1934 1889 1992 ipsa
1917 1934 2097 1980 Boeotia
2141 1936 2267 1981 sedes
2296 1937 2551 1982 hahuerunt:

439 2021 688 2070 quamquam
714 2017 937 2063 numquam
962 2003 1156 2048 videntur
1187 2003 1341 2047 Graeci
1371 2005 1431 2047 ita
1460 2003 1587 2048 locuti
1619 2016 1726 2047 esse.
1795 2001 1996 2060 Equidem
2027 2011 2216 2049 neutrum
2255 2013 2370 2051 recte
2400 2006 2553 2051 dictum

441 2095 535 2126 esse
568 2076 837 2124 crediderim.
906 2072 1007 2117 Nam
1041 2074 1077 2116 si
1118 2075 1186 2131 qui
1219 2080 1315 2118 sunt
1346 2074 1456 2118 inter
1485 2073 1673 2117 Graecos
1711 2070 1781 2129 qui
1811 2073 2040 2128 cogitarint
2080 2074 2131 2119 de
2173 2077 2359 2121 terrestri
2387 2077 2551 2132 itinere,

442 2154 483 2196 in
513 2162 698 2196 errorem
729 2159 803 2190 eos
837 2143 998 2187 induxit
1029 2155 1181 2187 caussa
1211 2141 1439 2186 levissima.
1500 2143 1642 2197 Argos
1674 2143 1784 2184 enim
1814 2138 2048 2187 Oresticum
2079 2144 2189 2201 quod
2218 2147 2263 2189 in
2294 2144 2554 2191 Macedonia

445 2227 504 2264 est
547 2217 752 2277 putabant
797 2212 853 2256 ab
899 2211 1102 2255 Aeolibus
1138 2211 1349 2255 conditum
1396 2224 1487 2255 esse
1536 2208 1686 2254 Oreste
1736 2209 1843 2253 duce
1891 2211 1934 2254 in
1986 2214 2128 2256 Asiam
2176 2213 2551 2272 proficiscentibus.

444 2289 553 2333 lnter
569 2288 646 2332 hos
671 2290 783 2330 certe
805 2295 891 2327 non
921 2280 996 2325 suit
1028 2279 1182 2325 Strabo
1220 2281 1289 2338 qui
1323 2279 1428 2324 nihil
1456 2278 1559 2324 dixit
1589 2280 1670 2324 nisi
1702 2288 1980 2325 commoratos
2012 2294 2109 2325 esse
2140 2282 2300 2328 Aeoles
2330 2285 2374 2328 in
2405 2283 2550 2342 aliqua

513 2483 554 2529 1)
580 2481 669 2519 Plin.
694 2479 728 2516 h.
752 2489 788 2516 n.
813 2476 882 2521 lv,
911 2478 945 2525 §.
969 2477 1025 2514 43.

513 2541 557 2585 2)
581 2538 680 2573 Serv.
703 2536 790 2572 Aen.
812 2533 881 2575 1113
921 2537 953 2568 1.

510 2599 553 2643 3)
579 2596 689 2640 Verg.
712 2593 798 2628 Aen.
826 2589 893 2633 u1;
935 2593 986 2627 18-

510 2655 552 2700 4)
576 2652 659 2688 Liv.
685 2647 868 2690 xxxvu;
900 2650 955 2683 33.
981 2644 1073 2690 Scyl.
1096 2646 1162 2686 68,
1193 2643 1227 2678 b.
1253 2643 1362 2679 Thuc.
1387 2643 1467 2687 vil;
1506 2646 1565 2681 57.
1600 2643 1691 2679 Plut.
1712 2644 1789 2679 Cat.
1815 2646 1897 2681 min.
1926 2650 1979 2680 11.
2003 2645 2138 2691 legitur
2158 2647 2270 2683 Aenei
2296 2648 2390 2694 apud
2417 2646 2556 2683 Livium

582 2707 724 2748 XXXI’
748 2709 800 2741 3¹·
826 2702 958 2739 sumas
980 2701 1119 2740 ‘fimf'
1146 2703 1308 2744 Αἰήτης
1336 2700 1356 2736 ὁ
1383 2703 1542 2745 πολίῐης
1568 2710 1778 2748 q⁰³mq¹¹³m
1798 2701 1872 2737 ³¹50
1899 2701 1979 2737 Ι000
2005 2700 2224 2750 (cinereum)
2250 2705 2384 2753 legitur
2408 2709 2557 2743 Αἴνιοι.

515 2768 555 2812 5)
581 2765 694 2802 schol.
725 2761 820 2798 Rom.
849 2761 889 2798 V.
913 2761 993 2798 459.
1030 2757 1093 2793 Tz.
1114 2756 1199 2803 Lyc.
1230 2760 1328 2794 1263.
1359 2756 1477 2803 Steph.
1506 2762 1656 2794 Αἴνεια.
1705 2757 1802 2792 Suid.
1827 2757 2042 2800 Αἰνειάδες.

516 2826 558 2869 6)
585 2823 629 2858 cl.
658 2820 780 2867 Heyne
805 2829 876 2854 exo.
906 2817 932 2853 1.
964 2816 1009 2851 ad
1033 2814 1143 2861 Verg.
1172 2816 1261 2850 Aen.
1290 2813 1349 2849 lll.
1398 2815 1518 2851 Vales.
1546 2815 1591 2850 ad
1618 2815 1726 2850 Amm.
1753 2814 1872 2858 xxll;
1906 2819 1949 2858 8,
1975 2821 2008 2853 3.
2043 2815 2220 2861 Klausen,
2246 2818 2386 2854 Aeneas
2409 2818 2447 2861 13
2479 2821 2559 2857 341,

585 2875 831 2918 Rochette113
870 2878 949 2914 353.

514 2937 554 2983 7)
580 2935 691 2973 Thuc.
716 2931 803 2977 vll;
848 2935 901 2971 57.
949 2929 1031 2967 Her.
1060 2927 1140 2971 V11;
1175 2930 1231 2968 58.
1280 2926 1379 2964 Eust.
1406 2927 1507 2964 Dion.
1534 2929 1612 2966 538-

515 2997 556 3041 8)
579 2993 698 3029 Strab.
718 2990 805 3036 Vll,
832 2989 879 3026 fr.
907 2992 962 3028 52.
996 2985 1116 3034 Steph.
1144 2986 1275 3026 Αἶνος.
1305 2984 1402 3021 Suid.
1428 2984 1774 3028 Ἀλωπεκόννησος.
1817 2984 1991 3032 Harpocr.
2017 2986 2150 3027 Αἶνος.
2179 2987 2293 3035 Scym.
2323 2990 2404 3028 697.
