2922 3630
398 390 607 449 quoddam
639 405 776 450 genus
805 392 1014 437 Biblinum
1038 389 1075 443 ¹)
1105 392 1195 435 sive
1226 390 1339 449 quod
1377 391 1700 449 praeferendum
1735 398 1797 437 est
1826 389 2050 449 Byblinum
2072 387 2108 441 ²)
2148 393 2359 437 vocatum,
2401 387 2518 430 cuius

396 462 481 504 iam
510 459 718 507 Hesiodus
736 459 774 515 ³)
804 461 1053 505 mentionem
1081 459 1197 504 fecit.
1257 459 1362 504 Sunt
1390 458 1481 504 alia
1505 472 1668 518 quoque
1698 474 1829 521 prope
1864 473 1981 505 mare
2006 462 2227 515 Aegaeum
2248 454 2344 499 loca
2364 455 2515 513 quibus

399 529 511 574 idem
539 540 693 575 nomen
733 529 810 573 fuit
846 536 890 573 ut
926 530 1022 574 fons
1060 527 1197 572 Biblis
1237 529 1282 572 iu
1319 541 1426 588 agro
1465 528 1637 573 Milesio
1658 530 1693 583 ⁴)
1731 530 1960 588 fluviusque
2001 526 2150 572 Biblus
2188 526 2258 583 qui
2297 525 2340 567 in
2384 525 2519 569 insula

397 598 517 643 Naxo
549 605 634 650 est,
678 602 835 657 pariter
868 599 1052 658 insignis
1081 599 1180 642 vino
1204 597 1386 656 Byblino
1410 601 1471 654 ⁵):
1532 611 1683 643 nomen
1720 610 1817 642 vero
1849 600 1982 658 ipsum
2012 611 2097 642 non
2132 596 2187 640 ad
2220 588 2356 654 ipsam
2389 593 2516 637 Grae-

394 670 501 711 ciam
539 674 726 726 spectat,
780 667 858 710 sed
909 668 964 712 ad
1004 667 1259 720 Phoenices,
1309 682 1483 726 quorum
1520 669 1660 711 vinum
1698 666 1886 724 Byblium
1938 670 2105 711 summis
2154 663 2353 708 laudibus
2398 662 2515 705 effert

396 737 697 781 Archestratus
715 735 763 788 ⁰).

532 815 767 860 Phoenices
797 817 928 872 igitur
959 814 1210 859 crediderim
1251 814 1396 860 Thaso
1435 814 1575 860 insula
1614 817 1770 874 potitos
1808 816 1852 857 in
1889 828 1942 858 ea
1980 828 2143 873 quoque
2176 811 2395 855 Thraciae
2439 824 2517 853 ora

389 886 460 930 ubi
491 893 640 943 postea
677 886 754 929 fuit
786 886 971 941 Aesyme
1011 886 1118 928 vites
1151 886 1311 928 sevisse
1351 892 1475 942 atque
1505 887 1567 928 sic
1609 898 1760 929 nomen
1793 884 1963 928 dedisse
2008 888 2045 926 ei
2077 884 2245 940 regioni
2278 879 2515 938 Byblinae:

390 957 434 998 in
483 968 566 1011 qua
606 955 741 998 multis
786 955 908 997 annis
953 960 1046 1010 post
1083 952 1214 996 Jones
1254 954 1533 997 condiderunt
1570 958 1794 1010 Aesymen.
1870 952 2029 996 Nomen
2077 965 2177 994 vero
2214 953 2419 1006 Aesymes
2458 949 2512 991 ab

389 1024 569 1067 Jonibus
598 1024 735 1065 datum
773 1034 866 1064 esse
895 1020 1082 1064 videtur:
1131 1030 1192 1065 est
1231 1025 1340 1065 enim
1382 1021 1567 1068 eiusdem
1608 1022 1766 1066 radicis
1796 1030 1920 1080 atque
1961 1014 2067 1062 αἶσα
2105 1015 2260 1071 αἴσιος,
2306 1014 2513 1074 αἶσῑητήρ

388 1089 593 1147 αἷσι-μνᾶν
631 1087 886 1149 αἱσυμνήτης
923 1086 1180 1148 αἰσυμνητήρ
1220 1090 1375 1135 similia
1399 1090 1448 1142 7).
1519 1089 1640 1144 Quod
1679 1094 1714 1136 si
1753 1094 1812 1136 ita
1849 1099 1911 1136 est
1943 1102 2100 1145 magna
2131 1089 2260 1132 oritur
2291 1085 2510 1131 dubitatio.

384 1160 487 1206 Num
520 1159 706 1204 Thasum
744 1159 858 1204 Parii
896 1158 1171 1204 condiderunt
1211 1164 1324 1205 circa
1366 1158 1653 1218 Olympiadem
1694 1162 1877 1219 quintam
1920 1158 2148 1203 decimam:
2204 1170 2281 1214 quo
2321 1164 2508 1214 tempore

388 1232 424 1272 si
443 1230 631 1285 ‘Aesyme
666 1231 812 1273 vocari
845 1237 992 1288 coepta
1024 1237 1138 1273 esset
1168 1228 1372 1272 Homerus
1413 1230 1481 1287 qui
1523 1231 1614 1271 eius
1654 1229 1768 1271 urbis
1807 1231 1990 1271 meminit
2017 1228 2054 1281 ⁸)
2094 1225 2221 1278 multo
2265 1228 2371 1269 infra
2412 1239 2506 1268 eam

388 1306 569 1343 aetatem
600 1299 757 1343 vixisse
787 1297 995 1358 putandus
1027 1305 1141 1342 esset
1172 1311 1294 1357 quam
1335 1311 1416 1357 qua
1447 1306 1563 1342 recte
1594 1305 1636 1342 ut
1663 1297 1826 1343 videtur
1864 1297 2048 1343 solemus
2091 1303 2290 1341 statuere.
2361 1297 2503 1349 Quare

386 1382 470 1412 non
508 1381 619 1425 nego
658 1368 848 1411 diffidere
897 1382 960 1411 me
1009 1368 1107 1411 huic
1155 1382 1275 1412 meae
1314 1367 1605 1426 disputationi,
1653 1370 1839 1425 quamvis
1876 1371 1943 1412 vix
1983 1368 2174 1412 videatur
2212 1367 2336 1408 statui
2378 1379 2501 1422 posse

388 1449 537 1480 nomen
568 1436 683 1479 urbis
716 1449 800 1479 non
833 1435 972 1478 datum
1004 1449 1099 1479 esse
1129 1436 1183 1478 ab
1214 1436 1402 1479 Jonibus.
1471 1437 1656 1481 Accedit
1685 1438 1794 1496 quod
1833 1437 1982 1481 similis
2023 1438 2133 1479 ratio
2166 1442 2226 1477 est
2256 1434 2500 1476 Maroneae.

390 1506 508 1547 urbis
539 1508 583 1547 in
614 1506 761 1547 eadem
798 1519 875 1547 ora
916 1505 1130 1547 Thraciae
1171 1508 1289 1548 sitae.
1350 1507 1477 1548 Cuius
1503 1520 1656 1548 nomen
1696 1510 1772 1549 etsi
1807 1508 2013 1550 Homerus
2052 1520 2135 1548 non
2175 1504 2321 1551 habet,
2364 1511 2501 1544 tamen

386 1588 470 1618 non
502 1573 681 1618 obscure
711 1573 964 1631 significavit
984 1573 1035 1629 9).
1097 1573 1277 1618 Fuerunt
1307 1589 1409 1619 sane
1431 1575 1562 1620 Jones
1593 1577 1635 1620 in
1666 1576 1729 1620 his
1753 1575 2004 1633 regionibus
2025 1582 2244 1630 antequam
2267 1571 2499 1616 Phoenices

384 1644 558 1687 abirent.
629 1641 935 1687 Samothracen
965 1642 1096 1687 Samii
1130 1643 1322 1688 dicuntur
1360 1647 1636 1704 occupavisse
1672 1662 1756 1691 non
1792 1649 1852 1691 ita
1886 1643 2012 1688 multo
2045 1649 2259 1701 postquam
2291 1639 2423 1684 Jones
2455 1641 2500 1682 in

383 1714 528 1758 Asiam
549 1720 834 1770 pervenerunt.
893 1711 1023 1756 Recte
1052 1713 1176 1755 etiam
1197 1712 1433 1758 Moversius
1456 1714 1514 1768 ¹⁰)
1547 1717 1684 1760 statuit
1714 1715 1890 1760 colonos
1922 1712 2080 1770 Tyrios
2104 1713 2172 1769 qui
2196 1710 2330 1754 Thasi
2361 1715 2500 1752 essent

312 1825 318 1830 .
386 1795 477 1826 cum
509 1795 535 1826 a
566 1780 806 1826 Thracibus
836 1781 951 1826 bello
983 1789 1274 1840 premerentur
1307 1777 1451 1841 neque
1472 1782 1771 1831 adiuvarentur
1805 1799 1832 1830 a
1858 1783 2134 1844 popularibus
2172 1780 2416 1836 confugisse
2445 1777 2501 1821 ad

383 1851 579 1896 auxilium
612 1865 754 1896 eorum
783 1851 933 1897 Jonum
965 1851 1035 1910 qui
1066 1852 1148 1895 iam
1177 1851 1302 1896 sedes
1334 1852 1536 1897 haberent
1565 1855 1608 1899 in
1639 1855 1777 1899 insula
1806 1862 1933 1914 atque
1965 1856 2025 1898 ita
2056 1866 2146 1896 cum
2177 1862 2331 1895 summa
2360 1861 2499 1892 rerum

382 1923 436 1966 ad
466 1922 596 1966 Jones
626 1924 826 1967 transiret
855 1921 909 1965 ab
938 1924 1002 1965 his
1034 1921 1242 1967 conditam
1267 1935 1362 1967 esse
1382 1922 1577 1968 Thasum.
1638 1926 1772 1970 Potuit
1792 1927 1921 1980 igitur
1942 1925 2032 1969 fieri
2064 1931 2106 1966 ut
2128 1924 2305 1978 Aesyme
2329 1931 2495 1977 quoque

381 1996 462 2036 iam
502 2000 598 2036 ante
636 1991 925 2051 Olympiadem
976 1995 1160 2051 quintam
1207 1993 1411 2037 decimam
1447 1994 1706 2040 habitaretur
1752 2010 1780 2040 a
1820 1996 1998 2039 Graecis
2047 2006 2275 2050 nomenque
2318 1988 2497 2033 haberet

381 2063 599 2106 Graecum.
676 2063 812 2119 Atque
851 2064 1041 2119 quamvis
1089 2063 1213 2106 valde
1266 2065 1429 2108 incerta
1478 2067 1531 2108 sit
1565 2065 1672 2109 haec
1711 2067 1782 2110 via
1827 2067 1967 2110 fateor
2015 2079 2077 2107 me
2126 2063 2209 2106 alio
2248 2059 2370 2104 modo
2411 2072 2496 2102 non

379 2131 631 2189 intellegere
661 2132 867 2189 quomodo
900 2131 1103 2177 Homerus
1131 2132 1213 2178 hoc
1240 2136 1408 2179 nomine
1438 2137 1497 2179 uti
1527 2136 1715 2194 potuerit.

514 2211 602 2255 Sed
634 2211 742 2255 haec
780 2210 832 2254 de
863 2212 1037 2269 Aesyme
1067 2210 1173 2254 urbe
1206 2210 1315 2266 dixi,
1358 2216 1644 2271 quaestionem
1672 2216 1965 2272 propositurus
1994 2214 2128 2269 magis
2165 2223 2287 2269 quam
2319 2205 2493 2266 expedi-

377 2289 506 2324 turus.
577 2279 767 2324 Ceterum
802 2288 977 2338 apparet
1022 2294 1107 2324 non
1147 2280 1301 2324 abesse
1345 2282 1400 2325 ab
1429 2281 1609 2326 Homero
1649 2283 1899 2326 mentionem
1937 2296 2071 2326 rerum
2114 2293 2222 2337 quae
2263 2278 2493 2322 inferiores

373 2352 457 2393 sint
484 2347 597 2393 bello
619 2348 821 2392 Troiano.
880 2347 1003 2393 Novit
1031 2349 1139 2393 enim
1171 2356 1295 2407 poe'ta
1320 2351 1607 2408 expeditiones
1641 2359 1680 2395 et
1702 2351 1953 2396 Boeotorum
1982 2358 2022 2394 et
2046 2349 2197 2393 Dorum
2229 2355 2271 2391 ut
2301 2348 2372 2405 qui
2394 2345 2491 2389 illos

446 2530 485 2574 1)
511 2527 632 2574 Steph.
660 2529 829 2572 Βιβλίιή.
857 2526 954 2563 Eust.
985 2532 1024 2564 Λ
1047 2531 1128 2566 641.

442 2586 482 2630 2)
507 2584 623 2620 Herm.
648 2582 731 2622 Eur.
753 2584 833 2620 Jon.
864 2591 964 2623 1210.

439 2644 482 2687 3)
507 2641 588 2677 Hes.
608 2640 648 2675 E.
676 2644 756 2680 589.
782 2642 827 2676 cf.
852 2642 950 2678 Suid.
978 2641 1163 2686 Βὺβλινος
1191 2644 1308 2683 οἶνος.
1338 2644 1465 2680 Bernh.
1494 2644 1575 2681 Hes.
1602 2648 1826 2693 Βίμβλινος.
1878 2646 1992 2694 Etym.
2017 2648 2197 2689 Βίβλινος
2223 2643 2341 2682 οἶνος.

441 2700 481 2746 4)
511 2698 616 2736 Paus.
643 2697 728 2743 VII;
764 2702 805 2743 5,
833 2704 863 2738 5.

442 2759 484 2803 5)
510 2757 553 2793 cf.
581 2756 711 2793 Gruter
736 2757 779 2793 de
806 2756 906 2794 Naxo
933 2758 1036 2794 insul.
1061 2756 1101 2792 11.

437 2815 477 2860 6)
502 2813 581 2849 Ath.
609 2813 645 2857 1;
682 2825 716 2861 p.
745 2816 802 2852 29.

437 2874 476 2917 7)
499 2871 595 2907 Eust.
619 2872 719 2910 Hom.
746 2878 774 2907 θ
799 2878 879 2912 258.
904 2874 927 2909 k
952 2876 1031 2912 445.
1059 2876 1093 2908 Ω.
1118 2878 1197 2913 357.
1219 2873 1328 2921 Εῑ)ἰιι.
1354 2875 1452 2910 αἶσα.

436 2930 478 2976 8)
507 2931 547 2965 Θ.
571 2930 650 2968 314.

437 2987 479 3032 9)
506 3000 530 3021 ι.
561 2989 634 3024 197.

416 3044 477 3089 10)
500 3042 549 3086 11;
593 3048 636 3087 2,
663 3046 741 3082 279.
