2922 3630
1218 250 1654 295 --12-.-

373 384 528 428 scimus
559 397 651 429 cum
680 383 924 428 Alexandro
963 382 1008 425 in
1042 382 1187 426 Asiam
1227 382 1440 440 profectos
1481 396 1575 428 esse
1613 395 1788 440 cumque
1830 385 1875 428 in
1903 385 2047 430 varias
2083 384 2217 428 Asiae
2257 391 2398 442 partes
2444 397 2497 429 eo

373 460 559 513 tempore
589 454 740 497 Graeci
764 451 903 496 coloni
934 450 1246 496 deducerentur
1274 454 1384 497 inter
1402 453 1477 498 hos
1501 453 1717 500 Aenianes
1742 466 1910 512 quoque
1930 454 2061 500 fuisse
2079 452 2191 513 apud
2212 451 2445 499 Diodorum
2464 453 2498 505 ¹)

375 522 567 580 legimus.
623 522 754 564 Recte
783 522 912 578 igitur
945 519 998 564 de
1028 522 1147 564 Aeno
1184 521 1240 564 ad
1271 521 1453 566 Hebrum
1483 523 1683 566 statuisse
1721 520 1888 567 videtur
1921 521 2173 582 Stephanus.
2245 521 2359 567 Pulsi
2388 523 2499 566 enim

379 606 402 636 e
446 604 591 649 campo
630 589 755 633 Dotio
799 603 890 633 cum
923 597 1017 648 post
1058 592 1205 636 varios
1247 605 1414 636 errores
1452 593 1495 634 in
1533 591 1706 635 easdem
1745 593 1944 648 regiones
1979 594 2269 651 pervenissent
2308 593 2352 636 in
2395 603 2500 650 quas

381 659 691 705 conveniebant
724 663 791 717 qui
834 662 876 703 in
907 661 1055 703 Asiam
1096 669 1217 704 erant
1245 661 1494 719 profecturi,
1546 660 1611 704 his
1641 659 1832 703 nonnulli
1871 672 1922 702 ex
1950 661 2215 707 Aenianibus
2254 674 2420 719 quoque
2452 673 2499 705 se

380 731 572 774 videntur
602 730 856 773 adiunxisse.
916 729 1005 773 Hos
1037 730 1164 774 credo
1197 730 1452 788 potissimum
1483 728 1618 773 fuisse
1658 730 1728 786 qui
1769 729 1931 773 Aenum
1972 729 2204 773 conderent
2238 733 2283 774 in
2313 729 2501 774 Thracia

382 813 618 857 novumque
661 812 683 841 e
718 810 834 842 more
875 799 1014 854 gentis
1066 799 1157 843 urbi
1204 812 1355 843 nomen
1395 798 1561 842 darent:
1618 811 1714 841 nam
1761 805 1858 841 ante
1895 796 1937 840 id
1981 805 2142 857 tempus
2178 798 2421 856 Poltyobria
2463 807 2506 843 ut

381 883 511 928 supra
543 870 625 912 dixi
655 866 871 925 appellata
901 868 987 912 suit.

523 969 640 1012 Haec
670 968 769 1011 mihi
801 967 964 1012 videtur
995 979 1090 1009 esse
1122 966 1247 1022 origo
1287 967 1402 1010 urhis
1430 969 1539 1011 Aeni
1573 980 1695 1026 quam
1728 967 1840 1010 haud
1874 968 1963 1011 scio
2006 979 2061 1009 an
2093 966 2277 1011 Velleius
2300 968 2339 1022 2)
2368 971 2502 1025 signi-

384 1039 573 1081 ficaverit
603 1050 655 1081 eo
686 1051 807 1094 quem
835 1049 964 1094 supra
993 1033 1165 1078 laudavi
1200 1035 1309 1079 loco.
1369 1034 1510 1079 Verba
1540 1037 1648 1080 enim
1680 1035 1772 1079 eius
1802 1035 1909 1079 haec
1939 1041 2053 1078 sunt:
2104 1049 2275 1095 „neque
2310 1038 2505 1094 estquod

383 1109 579 1152 miremur
618 1107 672 1150 ab
710 1106 889 1151 Homero
931 1105 1138 1149 nominari
1180 1104 1442 1149 Corinthum:
1499 1120 1594 1155 nam
1639 1120 1691 1149 ex
1722 1119 1907 1163 persona
1940 1112 2093 1163 poetae
2136 1113 2177 1148 et
2211 1106 2321 1149 hanc
2360 1106 2505 1150 urbem

387 1184 426 1220 et
455 1174 661 1234 quasdam
691 1175 841 1221 Jonum
874 1175 1065 1220 colonias
1107 1174 1161 1217 iis
1191 1173 1425 1218 nominihus
1461 1172 1691 1233 appellavit
1732 1173 1884 1233 quibus
1915 1174 2175 1218 vocabantur
2216 1183 2357 1222 aetate
2400 1177 2505 1227 eius,

383 1245 513 1290 multo
546 1251 642 1304 post
670 1244 795 1289 Jlium
828 1251 987 1303 captum
1020 1242 1257 1287 conditae.“
1326 1242 1428 1286 Nam
1463 1242 1573 1300 quod
1605 1242 1755 1288 Jonum
1783 1243 1974 1288 colonias
2018 1241 2119 1287 dixit
2157 1256 2248 1288 cum
2275 1243 2419 1288 Aenus
2452 1245 2505 1288 sit

385 1315 586 1367 Aeolum,
625 1312 669 1357 id
710 1328 796 1360 non
828 1326 1083 1372 magnopere
1122 1327 1187 1359 me
1224 1319 1370 1358 movet.
1438 1311 1587 1358 Solent
1615 1313 1725 1358 enim
1752 1310 1931 1357 Romani
1965 1313 2192 1359 universos
2226 1315 2296 1372 qui
2335 1320 2430 1358 sunt
2459 1314 2503 1358 in

387 1387 495 1428 Asia
528 1384 719 1428 Graecos
747 1385 876 1430 Jones
907 1396 1073 1428 vocare.
1096 1385 1197 1440 quia
1230 1383 1374 1427 horum
1402 1383 1530 1427 urbes
1561 1382 1877 1441 potentissimae
1904 1381 2251 1440 clarissimaeque
2280 1382 2457 1426 suerunt.

526 1495 723 1547 Quintum
752 1494 864 1536 addo
898 1492 951 1535 ad
982 1492 1093 1548 quod
1124 1506 1209 1535 non
1241 1494 1332 1535 sine
1364 1493 1623 1535 dubitatione
1652 1490 1878 1548 pervenio:
1930 1507 2026 1535 nam
2056 1507 2146 1536 cum
2168 1494 2348 1549 quodam
2380 1493 2503 1535 modo

388 1562 522 1609 simile
551 1564 606 1608 sit
638 1577 781 1608 eorum
810 1575 918 1621 quae
948 1574 1077 1620 supra
1109 1562 1448 1613 commemoravi,
1482 1560 1608 1606 habet
1636 1574 1802 1619 quoque
1834 1574 1915 1619 quo
1948 1561 2126 1607 differat.
2185 1563 2371 1619 Aesyme
2402 1560 2504 1606 urbs

387 1636 465 1680 fuit
495 1633 710 1679 Thraciae
744 1631 993 1676 Thasiorum
1021 1630 1193 1676 colonia
1214 1629 1265 1686 ³).
1333 1629 1568 1675 Vocabatur
1607 1632 1729 1675 etiam
1772 1629 1953 1687 Oesyme
1992 1639 2190 1689 corrupta
2231 1631 2286 1676 ab
2325 1630 2504 1676 Jonibus

390 1703 651 1762 diphthongo
678 1704 716 1758 ⁴)
747 1693 796 1745 vet
822 1702 958 1746 fuerat
993 1699 1083 1744 alia
1111 1713 1277 1758 quoque
1309 1701 1485 1744 nominis
1520 1700 1657 1744 forma
1685 1701 1916 1757 Aesymne,
1952 1707 1995 1743 ut
2026 1707 2090 1744 est
2117 1700 2229 1759 apud
2257 1699 2432 1745 Suidam
2464 1708 2505 1744 et

389 1771 616 1831 legebatur
648 1785 675 1816 a
703 1771 912 1816 nonnullis
939 1771 1062 1815 etiam
1099 1768 1211 1829 apud
1245 1767 1463 1814 Homerum
1483 1769 1532 1826 ⁵).
1591 1769 1794 1815 Similiter
1825 1768 1937 1828 apud
1968 1768 2194 1815 Pindarum
2214 1769 2253 1827 ⁶)
2283 1769 2503 1826 διδύμνοις

389 1850 453 1887 est
477 1856 554 1902 pro
586 1855 638 1886 eo
669 1841 779 1899 quod
810 1839 918 1884 solet
947 1853 1043 1884 esse
1072 1838 1272 1896 διδύμοις
1303 1839 1531 1897 eodemque
1568 1847 1729 1898 spectat
1766 1838 1877 1898 quod
1910 1842 2143 1897 Aesymnus
2188 1839 2356 1899 quidam
2394 1842 2504 1885 inter

390 1911 580 1956 Graecos
629 1926 825 1971 pugnans
880 1911 933 1954 ab
978 1909 1163 1953 Hectore
1214 1909 1454 1954 interficitur
1476 1910 1526 1964 7).
1608 1909 1696 1953 Sed
1739 1911 1951 1968 antiquior
2000 1910 2167 1955 videtur
2214 1911 2346 1956 fuisse
2395 1912 2502 1955 haec

389 1983 573 2028 nominis
613 1982 770 2027 forma:
832 1995 961 2040 quare
997 1980 1167 2025 suerunt
1219 1982 1291 2038 qui
1328 1978 1494 2024 Homeri
1543 1978 1648 2024 illud
1696 1976 1745 2032 ἐξ
1788 1975 2075 2039 Λῖσύμνηθεν
2119 1979 2174 2025 ad
2212 1979 2314 2024 talia
2359 1979 2504 2038 qualia

388 2061 484 2098 sunt
514 2049 797 2110 αἶσυμνητήρ,
837 2048 1091 2108 αἰσυμνήτης
1130 2057 1206 2093 ete.
1248 2050 1482 2096 reserentes
1521 2057 1712 2108 putarent
1756 2048 1808 2093 de
1835 2052 1955 2106 regio
1996 2064 2155 2107 genere
2192 2065 2278 2096 non
2313 2051 2365 2095 de
2396 2051 2503 2095 urhe

390 2122 539 2168 dictum
572 2137 665 2167 esse
687 2120 741 2179 8).
802 2119 1052 2166 Armenidas
1081 2134 1183 2166 vero
1204 2118 1244 2177 ⁹)
1285 2127 1430 2165 narrat
1458 2133 1548 2164 eam
1579 2120 1795 2178 regionem
1832 2121 1877 2164 in
1917 2134 1999 2178 qua
2036 2128 2184 2179 postea
2213 2122 2393 2180 Oesyme
2426 2123 2505 2167 fuit

391 2193 619 2253 aliquando
658 2190 840 2236 Bibliam
875 2197 1064 2235 vocatam
1101 2204 1209 2234 esse.
1286 2190 1337 2234 Et
1375 2190 1450 2237 fuit
1484 2204 1589 2234 sane
1635 2189 1720 2233 tale
1761 2202 1910 2233 nomen
1955 2193 2063 2249 parti
2107 2191 2233 2238 alicui
2275 2191 2504 2238 Thraciae.

394 2263 628 2324 Stephanus
676 2275 769 2305 eam
816 2259 1026 2305 Biblinam
1074 2268 1218 2311 vocat,
1267 2259 1503 2304 Eustathius
1534 2258 1738 2317 Bybliam.
1829 2259 2051 2304 Notissima
2092 2261 2166 2305 fuit
2203 2270 2375 2321 propter
2412 2264 2500 2307 vini

460 2491 501 2539 1)
522 2491 624 2528 Diod.
655 2490 792 2534 xvl11;
829 2497 863 2530 7.

451 2563 491 2604 2)
517 2560 605 2597 Vell.
630 2559 664 2603 1,
692 2564 733 2604 3,
762 2564 797 2597 3.

454 2629 497 2674 3)
521 2626 634 2662 Thuc.
659 2626 723 2671 lV;
760 2632 838 2666 107.
885 2627 987 2667 Diod.
1012 2627 1097 2670 xn3
1126 2630 1182 2665 68.
1230 2627 1321 2674 Scyl.
1348 2632 1392 2665 27
1419 2637 1450 2662 a.
1500 2625 1612 2672 Scym.
1638 2629 1716 2666 656.

454 2697 497 2744 4)
520 2694 633 2743 Etym.
658 2696 797 2734 οϊδοῖα.
824 2695 1023 2745 βρόταχος.

453 2767 496 2812 5)
523 2765 623 2801 Suid.
649 2764 815 2814 Αἰσύμη.
866 2765 967 2803 Ηοιιι.
996 2767 1036 2800 Θ.
1061 2766 1139 2804 304.

449 2837 492 2883 6)
515 2833 617 2872 Pind.
645 2832 699 2870 01.
722 2838 762 2877 3,
786 2835 842 2872 35.

451 2908 488 2948 7)
514 2904 614 2940 Rom.
640 2906 682 2938 A
705 2905 784 2938 303.

455 2974 496 3019 8)
522 2972 567 3008 cs.
595 2971 708 3018 Etym.
734 2969 974 3018 Αἰσύμηθεν.

453 3041 495 3087 9)
520 3051 575 3088 ap.
601 3039 681 3076 Ath.
710 3039 744 3083 1,
770 3051 805 3086 p.
829 3044 884 3078 31,
