2922 3630
1172 242 1577 292 —7—

316 375 571 435 relinqueret
598 374 634 418 si
664 374 733 433 qui
764 381 837 417 aut
861 373 1111 419 infirmiores
1142 382 1288 419 essent
1311 376 1473 419 viribus
1501 383 1571 420 aut
1597 374 1840 420 timidiores.
1909 372 2028 419 Haec
2059 377 2122 414 est
2149 370 2250 413 urbs
2277 371 2424 415 Aenea

313 446 368 490 ad
405 447 541 491 sinum
584 443 881 488 Thermaicum
921 445 1057 503 posita
1097 442 1235 501 quam'
1260 442 1428 488 incolae
1460 445 1540 501 ipsi
1583 446 1768 502 quamvis
1805 444 1958 489 Graeci
1982 440 2024 500 ¹)
2066 446 2206 484 essent
2234 438 2425 484 serebant

312 515 367 559 ab
396 516 550 559 Aenea
580 510 792 557 conditam
830 525 937 556 esse.
1004 511 1149 556 Multis
1188 514 1296 557 enim
1339 513 1465 558 annis
1506 520 1599 570 post
1641 528 1729 559 cum
1770 513 2079 560 Thessalonice
2116 507 2369 554 conderetur
2398 523 2424 553 a

309 581 594 629 Macedonum
618 578 816 638 'regibus
859 578 1163 640 multarumque
1212 582 1373 628 urbium
1416 582 1585 626 incolae
1632 584 1675 626 in
1711 597 1860 629 novam
1904 580 2048 626 urbem
2093 577 2424 625 traducerentur,

306 653 521 697 Aeneates
549 662 716 709 quoque
756 648 883 695 sedes
918 657 1079 696 mutare
1110 654 1247 698 coacti
1271 658 1383 702 sunt.
1454 649 1534 705 Qui
1578 653 1766 710 quanvis
1797 650 2132 698 Thessalonicae
2172 647 2424 695 habitarent.

308 722 468 782 remoti?
487 733 515 764 a
543 720 702 779 patria,
736 719 794 764 ita
820 733 906 765 non
931 719 1052 765 obliti
1080 729 1174 766 sunt
1200 721 1269 766 vel
1301 722 1415 765 urhis
1441 719 1510 764 vel
1541 720 1773 765 conditoris
1801 729 1842 763 ut
1868 713 2092 780 quotannis
2123 719 2244 761 statis
2273 715 2424 760 diebus

307 790 351 833 in
383 802 515 846 agros
547 790 723 833 Aeneae
753 789 933 847 profecti
962 790 1137 834 Aeneae
1167 792 1307 847 gentis
1338 802 1441 834 snae
1478 791 1639 833 auctori
1680 801 1771 832 cum
1810 801 1960 845 magna
2001 787 2265 832 caerimonia
2294 795 2423 829 sacra

308 857 501 901 facerent
522 854 573 911 ²).
643 856 947 913 Hancigitur,
985 858 1023 901 si
1053 857 1153 915 quid
1180 861 1271 904 veri
1300 857 1473 904 fabulae
1502 857 1682 909 habent,
1724 857 1892 900 Aeneas
1935 857 2174 899 condidisse
2211 853 2420 913 putandus

308 932 370 971 est
401 925 554 971 urbem.
617 924 705 969 Sed
735 938 827 970 cum
860 932 900 970 et
926 936 1059 984 parva
1088 934 1198 972 esset
1239 934 1364 986 atque
1395 925 1543 986 procul
1569 935 1728 971 remota
1758 926 1812 969 ab
1852 924 2057 968 hominum
2096 924 2347 967 commercio
2381 929 2421 964 et

306 998 390 1041 iam
419 995 702 1041 Macedonum
744 993 995 1054 temporibus
1025 995 1178 1041 incolis
1206 1009 1351 1042 carere
1382 998 1613 1055 coepisset,
1656 1010 1741 1040 non
1779 995 1945 1040 multum
1984 995 2099 1037 venit
2135 996 2177 1037 in
2205 993 2419 1037 hominum

305 1067 517 1109 notitiam:
573 1066 634 1108 ita
669 1065 873 1121 Scymnus
903 1064 1027 1119 (627)
1056 1069 1379 1122 promontorium
1408 1080 1506 1109 esse
1536 1065 1638 1108 dixit
1669 1080 1754 1109 non
1782 1065 1939 1109 urbem.
2001 1062 2155 1106 Contra
2180 1064 2322 1107 Aenus
2364 1061 2418 1106 de

307 1147 390 1190 qua
419 1146 547 1190 supra
580 1133 666 1176 dixi
696 1132 825 1176 hodie
855 1145 1020 1189 quoque
1047 1133 1260 1178 habitatur
1286 1148 1532 1193 semperque
1564 1135 1605 1177 in
1635 1134 1849 1179 multorum
1879 1148 1953 1178 ore
1982 1132 2081 1177 fuit:
2141 1134 2274 1188 posita
2304 1131 2415 1175 enim

306 1209 368 1245 est
396 1214 478 1258 qua
512 1215 562 1245 ex
593 1202 700 1245 Asia
730 1203 811 1245 itur
838 1202 882 1245 in
910 1199 1213 1247 Macedoniam
1246 1210 1369 1261 atque
1399 1202 1636 1247 Graeciam.
1695 1200 1804 1247 Hinc
1834 1202 1989 1247 factum
2031 1206 2093 1245 est
2133 1206 2176 1242 ut
2205 1206 2243 1243 et
2271 1199 2414 1257 magni

304 1271 514 1314 exercitus
542 1271 624 1314 iter
653 1269 846 1314 facerent
873 1282 951 1327 per
968 1272 1059 1314 eius
1088 1283 1244 1328 agros,
1275 1280 1315 1316 ut
1346 1271 1521 1322 Xerxis,
1550 1278 1674 1328 atque
1704 1272 1956 1330 privatorum
1987 1269 2194 1313 hominum
2221 1268 2411 1326 permulti

304 1344 346 1384 ct
368 1352 395 1384 a
412 1338 611 1384 Romanis
629 1339 699 1384 via
720 1337 917 1383 militaris
936 1345 1219 1385 exstrueretur
1240 1353 1345 1399 quae
1366 1341 1526 1385 Aenum
1551 1339 1728 1399 indeque
1748 1342 1790 1385 in
1814 1341 1959 1385 Asiam
1979 1336 2157 1381 ducebat
2178 1336 2232 1393 ³).
2293 1334 2410 1388 Quae

303 1422 394 1455 cum
421 1409 481 1454 ita
513 1415 652 1453 essent
682 1408 818 1455 effecit
838 1409 1045 1453 nominum
1068 1408 1146 1454 illa
1164 1410 1388 1456 similitudo
1420 1423 1529 1471 quae
1550 1411 1771 1454 intercedit
1790 1413 1901 1454 inter
1920 1410 2081 1452 Aenum
2104 1414 2143 1450 et
2160 1408 2349 1449 Aeneam
2370 1413 2413 1447 ut

300 1480 335 1523 si
359 1479 430 1536 qui
450 1479 729 1536 imperitiores
749 1484 893 1522 essent
914 1491 1056 1522 earum
1081 1482 1312 1537 regionum,
1335 1482 1439 1527 Aeni
1463 1481 1579 1524 facta
1602 1495 1694 1525 esse
1717 1481 1953 1531 crederent,
1983 1491 2091 1536 quae
2104 1479 2277 1520 Aeneae
2291 1476 2408 1519 acci-

301 1548 458 1592 derant.
488 1549 549 1591 Ita
563 1554 809 1592 erraverunt
829 1546 1072 1591 Ammianus
1086 1547 1376 1603 Marcellinus,
1409 1551 1529 1595 cuius
1547 1557 1730 1608 tempore
1751 1550 1862 1610 hand
1879 1552 1969 1593 scio
1993 1548 2230 1599 anAeneae
2250 1560 2409 1590 meno-

299 1618 366 1661 ria
387 1617 514 1662 fuerit
537 1630 709 1674 prorsus
729 1616 856 1668 nulla,
888 1623 1012 1673 atque
1033 1615 1286 1676 Pomponius
1305 1621 1419 1665 Mela
1438 1620 1560 1665 homo
1586 1619 1794 1677 Hispanus
1822 1620 1877 1664 ab
1902 1625 2103 1663 accurata
2122 1617 2265 1661 horum
2286 1615 2407 1660 loco-

299 1700 387 1730 rum
412 1687 657 1742 cognitione
676 1687 804 1743 longe
828 1693 1007 1730 remotus
1028 1685 1084 1744 4),
1112 1688 1269 1745 primus
1299 1703 1397 1733 vero
1430 1697 1473 1733 ut
1507 1690 1656 1747 opinor
1686 1688 1734 1742 Q.
1764 1688 1956 1734 Lutatius
1983 1689 2098 1732 cuius
2126 1687 2409 1730 narrationem

298 1754 485 1812 lleynius
514 1754 705 1798 laudavit
736 1754 864 1798 hanc:
914 1755 1139 1806 „Aeneam
1169 1759 1341 1815 primum
1368 1757 1595 1803 Thraciam
1623 1759 1837 1816 appulsum
1868 1760 2027 1803 Aenum
2061 1770 2110 1801 ex
2138 1769 2210 1800 suo
2237 1755 2408 1800 nomine

298 1821 560 1875 condidisse,
605 1821 701 1867 dein
744 1824 913 1880 cognita
943 1822 1273 1881 Polymnestoris
1309 1827 1481 1886 perfidia
1523 1842 1574 1873 ex
1614 1828 1810 1885 Polydori
1853 1840 1959 1872 nece
2002 1825 2099 1870 inde
2132 1824 2404 1882 digressum.“

298 1894 554 1937 Graecorum
597 1890 709 1949 quod
748 1894 880 1936 sciam
917 1894 1075 1951 primus
1113 1897 1158 1940 in
1197 1896 1371 1941 eundem
1410 1908 1596 1942 errorem
1636 1897 1781 1943 incidit
1812 1898 1960 1942 Conon
1983 1896 2019 1955 ⁵)
2061 1897 2175 1939 cuius
2209 1895 2406 1938 universa

297 1962 485 2006 narratio
516 1953 762 2005 documento
792 1968 854 2005 est
885 1961 1035 2007 leviter
1060 1963 1143 2009 hac
1183 1966 1227 2008 in
1265 1978 1311 2009 re
1337 1972 1544 2010 versatum
1579 1980 1675 2012 esse
1702 1966 1910 2011 hominem
1947 1965 2210 2009 iucunditatis
2241 1963 2403 2007 studio-

297 2032 450 2074 siorem
489 2041 611 2088 quam
648 2030 846 2074 veritatis.
918 2030 1050 2076 Troia
1088 2035 1196 2078 enim
1235 2035 1279 2077 in
1321 2036 1452 2078 sinum
1492 2035 1783 2080 Thermaicum
1823 2038 1932 2094 (ipse
1959 2033 2180 2077 Thermum
2218 2034 2402 2086 vocavit)

297 2108 421 2158 atque
451 2100 494 2143 in
521 2100 740 2157 regionem
768 2099 1014 2145 Brusiadem
1036 2101 1071 2158 6)
1112 2104 1344 2163 profectum
1372 2105 1556 2149 Aeneam
1591 2104 1692 2149 dixit
1730 2104 1874 2149 urbem
1915 2102 2154 2147 condidisse
2197 2103 2402 2152 Aeneam,

296 2183 404 2228 quae
435 2176 585 2227 postea
615 2175 770 2213 mutato
798 2172 966 2215 nomine
995 2172 1142 2217 Aenus
1180 2173 1394 2231 appellata
1421 2175 1556 2217 esset.
1629 2173 1717 2216 Hoc
1758 2173 1829 2217 ille
1871 2173 1974 2217 dixit
2006 2175 2122 2230 quasi
2162 2187 2271 2231 quae
2307 2179 2403 2216 sunt

295 2239 404 2284 duae
444 2235 572 2283 urbes
609 2252 693 2283 non
732 2245 872 2283 essent
910 2239 1018 2286 duae
1055 2242 1131 2286 sed
1172 2256 1275 2287 una:
1331 2255 1575 2302 quamquam
1628 2241 1693 2287 vel
1735 2244 1798 2287 sic
1835 2251 1952 2287 recte
1986 2241 2184 2287 indicavit
2219 2257 2304 2288 non
2344 2241 2401 2286 ad

290 2307 422 2352 Hebri
454 2309 602 2351 ostium
633 2306 777 2350 urbem
806 2308 1015 2353 conditam
1045 2323 1140 2354 esse
1182 2311 1237 2355 ab
1266 2313 1416 2357 Aenea
1445 2313 1522 2358 sed
1553 2326 1680 2371 prope
1719 2315 1852 2357 sinum
1882 2311 2181 2356 Thermaicum.
2253 2312 2401 2369 Magis

292 2378 415 2420 etiam
445 2389 566 2433 quam
600 2374 744 2419 Conon
781 2374 861 2419 hac
891 2378 933 2420 in
975 2392 1020 2422 re
1052 2378 1289 2424 alucinatus
1327 2388 1389 2424 est
1427 2380 1608 2426 Tzetzes
1650 2383 1767 2425 cuius
1802 2379 1933 2425 verba
1970 2395 2050 2425 non
2092 2395 2196 2440 opus
2235 2380 2400 2426 videtur

291 2445 453 2490 referre
476 2443 525 2499 ⁷).
585 2443 752 2487 Rectius
785 2451 825 2486 et
856 2444 929 2488 ahi
961 2449 1187 2504 scriptores
1216 2449 1366 2493 Graeci
1399 2458 1612 2508 utramque
1646 2450 1920 2494 distinxerunt
1961 2458 2000 2493 ut
2028 2448 2268 2495 Herodotus
2290 2449 2327 2504 ⁸)
2359 2458 2398 2495 et

365 2622 402 2662 1)
427 2618 508 2662 Sc>l
548 2620 612 2657 67.
640 2616 673 2653 b.

357 2676 398 2723 2)
424 2673 502 2714 Liv.
529 2673 614 2719 XL;
637 2675 670 2714 4.

355 2733 396 2779 3)
421 2732 566 2767 Sallust.
591 2732 753 2779 ap.Serv.
776 2733 864 2765 Aen.
893 2731 961 2773 ΙΙΙ,
990 2739 1021 2767 1·
1048 2734 1091 2766 er.
1122 2734 1213 2767 Pint.
1244 2734 1319 2768 Cat.
1345 2739 1427 2769 min.
1456 2743 1509 2771 11.
1558 2738 1699 2782 antiph.
1724 2738 1803 2783 ‘HQ-
1831 2739 1895 2784 qd.
1925 2745 1979 2773 20.
2007 2743 2062 2773 78.

355 2792 395 2834 4)
419 2790 527 2823 Anum.
553 2790 673 2831 XXll;
706 2794 748 2830 8,
773 2795 805 2825 3.
831 2789 984 2831 xxvu3
1017 2792 1062 2832 4,
1092 2797 1143 2827 13.
1195 2792 1316 2837 Pomp.
1342 2794 1428 2830 Mel.
1455 2794 1508 2836 ll;
1540 2801 1573 2830 2.
1599 2795 1643 2830 cs.
1694 2794 1841 2841 Procop.
1868 2797 1975 2832 aedil.
2001 2795 2067 2838 lV;
2104 2804 2156 2834 11.

358 2848 398 2892 5)
423 2846 508 2883 Con.
531 2848 587 2885 46.

351 2905 393 2951 6)
419 2902 623 2940 Crusiadem
650 2902 753 2939 Tafel
781 2905 944 2950 scripsit,
971 2913 1041 2951 qua
1065 2905 1102 2940 in
1127 2915 1166 2942 re
1191 2916 1262 2942 non
1284 2907 1372 2942 satis
1396 2906 1508 2955 liquet
1535 2913 1650 2946 utrum
1675 2912 1884 2958 scriptorem
1911 2913 2105 2946 correxerit
2132 2918 2174 2943 an
2203 2909 2384 2943 librarios.

351 2963 392 3008 7)
419 2961 482 2999 Tz.
507 2961 590 3008 Lyc.
618 2963 714 2998 1236.
744 2964 843 2998 1263.
871 2964 915 2997 cf.
942 2962 983 2997 lt.
1011 2967 1070 3005 10,
1096 2968 1128 3001 2.

352 3022 394 3066 8)
420 3019 503 3059 Her.
529 3019 609 3062 Vll,
651 3022 705 3056 58.
733 3023 810 3056 123.
860 3019 980 3067 Steph.
1005 3023 1154 3057 Αἴνεια.
